4756 5892
1046 495 1249 592 -11,

282 701 368 788 apud
388 701 537 766 Plautum
561 698 699 783 (Curcul.
722 700 748 782 I,
771 697 826 782 84)
848 697 1048 766 Phaedromo
1071 719 1143 766 cum
1164 698 1239 764 uino
1262 697 1305 762 ad
1327 698 1454 781 puellae
1476 697 1573 764 aedes
1595 717 1632 764 eo
1655 699 1788 764 consilio
1806 699 2015 782 aggredienti,

282 813 316 872 ut
337 801 524 885 ianitricem,
547 823 644 867 annm
666 802 876 882 multibibam,
899 810 1088 886 corrumpat,
1108 800 1277 866 Palinurus
1296 821 1407 866 seruus
1424 799 1515 865 dicit:
1539 825 1587 880 epo
1604 807 1678 864 uota
1693 809 1768 882 serat
1783 813 1873 868 ernau
1889 806 2017 885 (aarum),

281 927 319 974 ex
341 907 402 972 hoc
424 906 495 971 ioco
517 904 631 970 nemili
652 904 820 970 occasione
842 903 919 970 data
940 893 1025 970 facto
1043 903 1211 970 Disaenius
1233 903 1320 968 nullo
1342 903 1411 967 iure
1429 903 1585 970 conclusit
1603 901 1702 970 f'uisse
1719 925 1839 970 merem
1858 907 2017 988 quendam

279 1007 409 1075 bibendi
432 1015 507 1074 ante
528 1007 612 1072 fores
635 1007 844 1072 meretricum.
880 1007 948 1074 Fac
965 1015 1072 1072 muron
1090 1005 1220 1072 finxisse
1237 1005 1297 1072 hoc
1315 1011 1456 1088 poetam:
1480 1026 1555 1071 num
1573 1007 1675 1090 potuit
1693 1009 1863 1092 postulare,
1887 1029 1927 1074 ne
1945 1009 2016 1074 dor-

279 1113 380 1178 miens
412 1109 445 1176 in
477 1110 585 1194 platea
607 1110 798 1182 excitaretur
827 1109 870 1192 (u.
893 1107 951 1191 dl?
982 1129 1057 1175 num
1079 1109 1182 1193 potuit
1204 1108 1272 1174 eius
1295 1108 1357 1174 loci
1383 1108 1581 1192 miseraeque
1602 1129 1681 1175 suae
1706 1110 1749 1175 ad
1771 1112 1886 1178 ostium
1909 1113 2016 1180 condi-

280 1214 382 1280 cionis
413 1213 459 1278 ita
481 1212 637 1296 obliuisci,
668 1219 765 1278 utne
791 1219 926 1278 exeunte
954 1211 1081 1294 quidem
1112 1211 1253 1276 carmine
1276 1205 1590 1297 παρακλαυσιθύρῳ
1619 1211 1661 1276 ad
1688 1213 1722 1278 id
1754 1213 1858 1296 ipsum
1880 1236 1947 1282 rem
1969 1237 2017 1282 re-

281 1322 420 1398 uocaret,
449 1315 539 1380 utin
562 1313 674 1380 eadem
696 1315 826 1396 querela
847 1323 997 1380 reuocata
1019 1321 1067 1380 est
1089 1314 1130 1379 ab
1153 1313 1285 1379 Horatio
1313 1332 1408 1378 carm.
1431 1313 1488 1396 Ill,
1514 1316 1553 1378 10
1579 1321 1611 1379 et
1637 1315 1678 1379 ab
1701 1314 1816 1382 Ouidio
1843 1337 1904 1382 am.
1927 1319 1953 1402 l,
1976 1319 2018 1384 d?

280 1419 396 1484 Valeat
418 1424 449 1483 et
471 1417 549 1483 haec
571 1417 799 1500 interpretatio,
823 1437 919 1499 quam
942 1417 997 1499 qui
1018 1423 1176 1499 tueantur,
1204 1421 1259 1480 aut
1281 1415 1429 1498 nequisse
1451 1423 1578 1500 punctam
1600 1423 1656 1482 aut
1678 1418 1819 1485 noluisse
1841 1421 2018 1487 concedant

282 1520 316 1584 id
338 1520 438 1586 uitare
460 1520 582 1602 uitium,
605 1519 690 1602 quod
712 1519 929 1602 turpissimum
951 1527 999 1584 est
1020 1519 1176 1601 omnibus
1199 1518 1253 1600 qui
1276 1517 1426 1601 scribunt,
1450 1525 1485 1583 ut
1507 1520 1706 1602 „pugnantia
1729 1541 1837 1586 secum
1859 1522 2017 1590 frontibus

283 1621 424 1689 aduersis
447 1622 679 1708 componeret.“
723 1621 803 1688 Mihi
825 1621 952 1706 quidem
975 1621 1089 1687 uulnus
1112 1621 1264 1687 hocloco
1287 1622 1385 1686 latere
1416 1620 1541 1686 uidetur
1571 1643 1635 1688 non
1662 1623 1824 1706 fomentis,
1856 1625 1913 1691 sed
1934 1626 2017 1692 ferro

284 1725 464 1792 curandum.
509 1725 766 1810 Perpendeamus
793 1745 876 1808 quae
894 1723 988 1790 modo
1010 1723 1156 1809 exposita
1177 1732 1265 1806 sunt;
1301 1723 1472 1807 addamus,
1505 1725 1590 1808 quod
1610 1735 1684 1790 uicta
1705 1736 1817 1808 quaereas
1840 1736 1875 1793 ut
1897 1735 2016 1814 pateat,

282 1828 377 1894 ianua
399 1835 515 1912 oratur,
534 1828 662 1893 tametsi
679 1826 758 1892 nihil
777 1827 977 1910 querelarum
994 1834 1090 1892 antea
1110 1825 1255 1892 auditum
1273 1835 1330 1911 est,
1353 1826 1411 1893 sed
1428 1847 1516 1894 mera
1533 1827 1721 1910 maledicta3
1739 1829 1896 1897 addamus
1914 1851 2016 1916 porro,

281 1929 367 2014 quod
389 1925 611 2008 duodecennis,
634 1937 669 1995 ut
687 1930 777 1996 aiunt
794 1929 1004 2014 grammatici,
1027 1928 1067 1996 de
1084 1929 1149 1996 illis
1167 1929 1355 2010 maledictis,
1375 1949 1457 2013 quae
1475 1929 1569 1996 modo
1586 1931 1728 2015 iactauit,
1751 1940 1847 2017 poeta
1864 1933 2016 2017 loquitur:

280 2041 320 2098 Et
342 2042 418 2097 rama
439 2043 518 2114 siqua
538 2041 586 2098 riti
606 2041 673 2098 uua
699 2041 830 2098 donaria
855 2049 956 2110 nostra,
990 2043 1114 2114 iquorem
1137 2032 1221 2116 (11),
1253 2032 1345 2116 quasi
1376 2053 1451 2098 ucro
1478 2033 1674 2099 surdastram
1700 2041 1756 2100 aut
1782 2041 1847 2100 tam
1875 2036 2019 2105 infirmae

280 2135 454 2201 memoriae
475 2143 580 2220 speret
602 2155 672 2201 esse
694 2135 833 2218 ianuam,
865 2141 900 2200 ut
925 2135 991 2200 iam
1018 2155 1082 2200 non
1107 2141 1228 2219 teneat,
1260 2141 1382 2220 quanta
1407 2135 1579 2202 maledicta
1605 2155 1639 2202 re
1661 2143 1693 2202 et
1714 2137 1849 2204 ueritate
1871 2138 1934 2205 sibi
1956 2141 2021 2206 sint

281 2239 416 2320 ingesta.
461 2237 520 2304 His
541 2237 636 2304 rebus
659 2237 909 2321 comprehensis,
942 2237 1088 2320 quamuis
1120 2238 1298 2323 speciosum
1329 2239 1362 2302 in
1388 2237 1517 2303 medum
1547 2238 1806 2324 imprecationem
1837 2239 2018 2326 deprecatio

282 2347 442 2422 sequatur,
465 2347 570 2406 mmcn
592 2341 698 2406 facere
720 2360 783 2404 non
803 2359 982 2424 possumus,
1006 2339 1082 2424 quin
1104 2341 1252 2406 fallacem
1279 2339 1362 2406 hanc
1385 2340 1522 2426 speciem
1545 2340 1730 2422 habeamus,
1753 2341 1938 2410 dirimamus
1961 2345 2019 2412 hos

282 2443 379 2524 locos,
411 2441 490 2508 (lues
520 2443 685 2508 minimum
707 2461 819 2507 uersus
840 2441 923 2507 inter
945 2463 974 2508 u.
994 2444 1014 2508 8
1037 2450 1068 2509 et
1090 2445 1109 2509 9
1133 2464 1209 2510 casu
1232 2443 1353 2509 infelici
1375 2441 1533 2509 excidisse
1556 2463 1751 2528 censeamus,
1785 2445 1900 2528 quibus
1923 2455 2019 2532 poeta

283 2545 343 2610 hoc
364 2544 428 2609 fere
451 2544 612 2629 professus
636 2553 717 2610 erat:
739 2544 925 2610 frustratum
948 2553 979 2610 et
1001 2546 1162 2630 repulsum
1184 2547 1241 2612 illa
1263 2553 1355 2611 nocte
1377 2553 1484 2611 tamen
1506 2566 1540 2612 so
1562 2566 1625 2611 non
1644 2567 1738 2631 possc
1757 2546 1915 2634 deterreri,
1941 2570 2017 2634 quo-

283 2647 386 2714 minus
409 2647 526 2714 rediret
548 2647 651 2713 clenuo
670 2647 792 2713 aditum
811 2653 998 2713 tentaturus.
1027 2647 1116 2727 Quae
1135 2669 1231 2732 quum
1250 2648 1393 2730 dixisset,
1417 2648 1472 2730 ita,
1496 2648 1599 2732 credo,
1623 2657 1817 2734 perrexerat:
1841 2660 1934 2728 ianua,
1955 2671 2019 2717 rom

283 2752 377 2835 (quarm
400 2751 519 2834 rediero)
546 2767 647 2834 patroc
676 2761 725 2816 oni
752 2757 818 2814 malo·
845 2761 918 2815 aicta
939 2760 1057 2834 quarata
1100 2750 1228 2818 Perdite
1257 2759 1362 2817 autem
1385 2751 1521 2816 disticho
1552 2761 1608 2816 iam
1629 2772 1686 2836 pro
1708 2767 1763 2816 tum
1785 2753 1937 2838 scripturn
1960 2763 2018 2838 est,

282 2862 317 2919 ut
339 2854 478 2937 aliquem
500 2855 533 2920 iu
555 2853 684 2918 modurn
704 2873 815 2920 uersus
839 2853 873 2936 (8
892 2860 923 2918 et
940 2853 975 2936 9)
994 2853 1295 2938 conglutinarentur.
1331 2855 1378 2918 Ac
1397 2853 1499 2939 perire
1518 2853 1674 2936 quomodo
1693 2855 1832 2938 potuerit
1849 2854 2017 2940 distichon,

283 2955 311 3020 si
333 2955 460 3039 quidem
482 2955 561 3020 talia
584 2976 735 3039 quaerere
757 2976 873 3041 operae
895 2955 1030 3041 pretium
1053 2956 1201 3038 habetur,
1229 2957 1275 3022 ita
1301 2956 1504 3042 inpromptu
1526 2963 1575 3022 est
1597 2957 1749 3023 conicere.
1795 2959 1858 3023 Ter
1880 2959 2017 3044 compcl-

282 3057 349 3123 lata
371 3065 439 3123 erat
460 3057 566 3142 ianua,
590 3065 637 3123 ter
658 3058 773 3123 ianuae
796 3077 911 3126 nomen
928 3057 1066 3143 positum
1084 3059 1259 3125 hexametri
1281 3059 1381 3125 initio.
1426 3059 1496 3138 Quo
1519 3059 1714 3143 factumest,
1738 3066 1772 3124 ut
1794 3061 2016 3128 aberrantibus

283 3159 384 3226 oculis
407 3159 552 3244 aprima
574 3160 818 3246 compellatione
841 3160 957 3226 ianuae
979 3161 1021 3226 ad
1042 3161 1169 3228 tertiam
1191 3162 1365 3228 transiliret
1386 3161 1544 3227 librarius.

435 3261 593 3341 Quoniam
615 3263 712 3346 igitur
733 3271 873 3328 nostram
896 3261 936 3328 de
958 3269 1024 3330 toto
1046 3264 1116 3330 loco
1140 3265 1330 3330 sententiam
1352 3265 1566 3350 exposuimus,
1602 3250 1653 3330 cui
1675 3263 1709 3329 in
1732 3265 1853 3349 reliquo
1877 3267 2018 3334 carmine

281 3365 361 3430 nihil
383 3372 440 3448 cst,
465 3365 551 3450 quod
572 3349 635 3432 non
658 3365 849 3452 respondeat
871 3403 912 3412 -
935 3387 1009 3430 nam
1032 3375 1137 3432 cetera
1160 3367 1267 3432 omnia
1284 3369 1366 3433 bene
1383 3367 1575 3432 conueniunt
1596 3367 1630 3432 in
1652 3387 1734 3450 cum,
1758 3367 1813 3450 qui
1835 3367 1922 3434 domi
1940 3391 2018 3436 suae

283 3468 395 3535 sedens
417 3477 449 3534 et
470 3489 583 3554 parum
605 3468 799 3554 processisse
822 3469 1011 3534 amatorium
1042 3469 1193 3554 impetum
1225 3471 1427 3554 conqueritur
1453 3477 1484 3536 et
1505 3469 1669 3554 repetendi
1691 3469 1827 3555 impetus
1850 3473 2018 3539 consilium

271 3567 367 3653 'capit
389 3607 430 3616 —
452 3591 536 3636 nunc
558 3570 670 3656 paucis
702 3570 907 3636 ahsoluamus
938 3571 1156 3654 quaestionem
1187 3572 1227 3637 dc
1253 3571 1490 3657 interpretando
1521 3581 1630 3656 impera
1657 3579 1731 3638 Ioue
1761 3573 1804 3655 (ιι.
1828 3574 1862 3657 8)
1890 3597 1910 3640 a
1941 3577 2018 3642 uiris

283 3669 385 3736 doctis
406 3673 592 3739 institutam.
637 3672 675 3737 Id
697 3693 760 3738 non
782 3693 840 3758 pro
862 3673 951 3738 iussu
973 3674 1060 3739 Iouis
1082 3673 1201 3739 dictum
1224 3695 1294 3740 esse
1317 3674 1480 3741 contendit
1500 3674 1715 3757 Disaenius3
1738 3695 1812 3740 uam
1835 3676 1939 3762 ipsum
1957 3677 2018 3743 ful·

282 3773 370 3838 mina
392 3775 514 3841 mittere
536 3776 651 3842 dehere
673 3775 778 3859 deum,
812 3795 871 3842 nec
894 3775 1107 3842 demandato
1135 3778 1269 3862 cogitari
1299 3797 1393 3863 posse
1419 3777 1493 3842 aliis
1519 3777 1588 3844 dcis
1614 3776 1735 3860 dandor
1767 3777 1873 3862 potins
1895 3779 2017 3846 intelle·

282 3875 389 3961 genda
411 3883 445 3940 dc
467 3885 549 3952 coelo,
584 3886 618 3942 da
639 3887 741 3943 actm
772 3878 870 3944 missa
901 3877 1044 3944 fulmina.
1089 3879 1197 3945 Nihilo
1221 3887 1327 3946 tamen
1350 3880 1449 3946 setius
1471 3889 1580 3962 impono
1602 3887 1675 3944 Iouis
1697 3887 1782 3946 recte
1803 3881 2017 3966 explieaueris

282 3985 516 4061 impersonalem,
538 3979 632 4046 modo
653 3981 821 4067 imperium
846 3980 1013 4065 intellegas
1035 4003 1098 4047 non
1120 3981 1177 4047 alii
1199 3981 1268 4066 deo,
1292 3981 1349 4048 sed
1370 3982 1449 4068 ipsis
1470 3981 1656 4048 fulminibus
1679 3982 1797 4066 datum,
1821 4003 1903 4066 quae
1927 3985 2019 4068 quasi

284 4079 349 4144 nini
371 4081 435 4148 sint
457 4081 543 4148 Iouis
565 4083 714 4167 ministri,
743 4085 784 4150 ah
807 4103 844 4150 eo
866 4105 930 4150 non
952 4091 1158 4168 torqueantur
1183 4091 1215 4150 et
1237 4085 1447 4169 conicientur,
1480 4083 1536 4150 sed
1559 4084 1689 4150 ianuam
1711 4092 1817 4170 petere
1839 4085 2018 4152 iubeantur.

283 4181 358 4246 Noli
379 4183 475 4267 igitur
498 4169 761 4252 conuertere'nec
793 4185 873 4270 „auf
890 4187 1052 4273 luppitcrs
1076 4187 1179 4254 Gchot
1200 4186 1453 4271 geschleudcrt,“
1474 4207 1534 4254 nec
1556 4207 1635 4270 „aus
1661 4187 1823 4272 luppiters
1841 4187 1940 4253 Reich
1963 4209 2016 4273 ge·

283 4285 470 4372 schlcudert,
490 4285 547 4354 sed
565 4286 685 4372 „durch
703 4289 865 4375 luppitcrs
884 4289 987 4356 Gebot
1004 4290 1183 4356 cntsandt“.
1210 4291 1299 4356 Haec
1316 4291 1398 4357 ratio
1417 4311 1513 4374 quum
1532 4291 1574 4356 ad
1591 4298 1754 4376 poetarum
1773 4289 1899 4356 dicendi
1917 4312 2018 4374 genus

279 4398 345 4456 tum
368 4387 411 4454 ad
433 4389 502 4474 ipsa
524 4391 624 4459 uerba
646 4391 752 4475 magis
774 4391 1016 4459 accommodata
1038 4413 1109 4460 esse
1130 4393 1208 4459 mihi
1230 4393 1365 4460 uidetur.

725 4581 773 4646 13.
821 4587 859 4646 Te
880 4591 1027 4646 maminthus
1048 4589 1131 4660 dccet,
1152 4607 1221 4664 quae
1238 4591 1360 4664 plurima
1381 4607 1445 4649 uoce
1462 4591 1558 4665 percpi

856 4689 992 4767 Supplice,
1020 4710 1101 4766 quum
1118 4691 1193 4766 posti
1203 4691 1293 4764 florea
1314 4701 1387 4750 aena
1409 4692 1511 4749 duran.

435 4819 652 4885 Disaenius:
689 4827 779 4886 Notus
801 4837 838 4886 cst
859 4847 932 4898 usus,
963 4821 1082 4907 inquit,
1113 4827 1159 4885 ubi
1184 4831 1364 4887 corriuaclious
1390 4829 1424 4886 dc
1449 4831 1559 4906 repetito
1586 4831 1689 4887 unione
1709 4837 1865 4904 usurpatur,
1887 4829 2018 4904 quemad·

283 4923 392 4980 modum
419 4927 524 4988 Graece
545 4931 686 5005 amatium.
729 4931 812 4990 Hunc
840 4931 1055 4990 Wundcrliclu'us
1076 4932 1119 4990 ln'c
1140 4931 1258 5004 adhibet,
1291 4932 1385 4990 claron
1412 4950 1465 5008 pro
1495 4933 1594 5006 quotics
1620 4931 1715 4989 ἀιινσιη
1742 4932 1878 5006 explicans
1899 4941 2019 5006 acqrrcntc

282 5025 396 5096 Baebio,
417 5032 537 5089 sednon
558 5033 695 5088 assentior.
737 5031 802 5090 Nou
827 5043 922 5092 temere
952 5035 1105 5093 adhibenda
1135 5034 1202 5092 haec
1228 5037 1297 5092 ratio
1324 5043 1361 5092 est
1390 5053 1425 5092 cc
1451 5035 1565 5091 saeuior
1594 5042 1618 5090 ct
1644 5036 1733 5109 optabi·
1763 5052 1833 5092 nunc
1853 5035 1931 5091 unirer
1953 5037 2021 5092 certi

282 5132 408 5204 tempora
425 5133 546 5208 factique
566 5135 726 5192 recordatio.
769 5127 903 5195 Addidit
924 5131 1026 5215 plura,
1050 5129 1164 5214 quihus
1187 5129 1377 5196 sententiam
1400 5149 1490 5196 suam
1513 5129 1721 5212 confirmaret,
1744 5127 1801 5194 sed
1824 5129 2018 5213 nequiquam

282 5224 315 5289 in
334 5245 372 5290 ca
391 5245 424 5292 re
442 5225 617 5295 desudauit.
640 5230 753 5314 Neque
775 5233 859 5298 enim
881 5233 1034 5317 repetitae
1052 5233 1097 5298 rei
1116 5233 1186 5316 („so
1206 5233 1252 5298 oft
1270 5233 1354 5312 als“)
1372 5253 1432 5298 nec
1446 5231 1523 5298 certi
1541 5232 1635 5298 unius
1654 5231 1730 5297 facti
1750 5230 1844 5314 („das
1864 5232 1935 5296 eine
1950 5231 2017 5296 Mal

281 5327 366 5410 als“)
390 5327 579 5413 significatio
602 5332 662 5398 hoc
684 5333 755 5400 loco
779 5334 897 5418 subest,
922 5335 978 5401 sed
995 5336 1167 5421 primariae
1185 5335 1304 5402 actioni
1320 5343 1443 5417 plrcrr‘mo
1455 5344 1551 5417 percpi
1566 5333 1755 5401 secundaria
1773 5334 1856 5400 actio
1875 5331 2017 5398 eiusdem

1609 5451 1641 5504 2*
