<?xml version="1.0" encoding="UTF-8"?>
<!DOCTYPE html PUBLIC "-//W3C//DTD XHTML 1.0 Transitional//EN"
    "http://www.w3.org/TR/xhtml1/DTD/xhtml1-transitional.dtd">
<html xmlns="http://www.w3.org/1999/xhtml" xml:lang="en" lang="en">
 <head>
  <title>
</title>
<meta http-equiv="Content-Type" content="text/html;charset=utf-8" />
  <meta name='ocr-system' content='tesseract 3.04.00' />
  <meta name='ocr-capabilities' content='ocr_page ocr_carea ocr_par ocr_line ocrx_word'/>
</head>
<body>
  <div class='ocr_page' id='page_1' title='image "./dealbitibullitr00richgoog_0021.png"; bbox 0 0 4756 5892; ppageno 0'>
   <div class='ocr_carea' id='block_1_1' title="bbox 341 443 2081 2063">
    <p class='ocr_par' dir='ltr' id='par_1_1' title="bbox 341 443 2081 2063">
     <span class='ocr_line' id='line_1_1' title="bbox 1107 443 1311 538; baseline 0 0"><span class='ocrx_word' id='word_1_1' title='bbox 1107 443 1311 538; x_wconf 51' lang='lat' dir='ltr'>„a-</span> 
     </span>
     <span class='ocr_line' id='line_1_2' title="bbox 342 642 2078 728; baseline -0.002 -16"><span class='ocrx_word' id='word_1_2' title='bbox 342 646 461 712; x_wconf 90' lang='lat' dir='ltr'>amoris</span> <span class='ocrx_word' id='word_1_3' title='bbox 484 653 708 728; x_wconf 90' lang='lat' dir='ltr'>contemptore,</span> <span class='ocrx_word' id='word_1_4' title='bbox 732 645 967 728; x_wconf 77' lang='lat' dir='ltr'>expeditionem</span> <span class='ocrx_word' id='word_1_5' title='bbox 989 644 1023 710; x_wconf 93' lang='lat' dir='ltr'>iu</span> <span class='ocrx_word' id='word_1_6' title='bbox 1041 645 1187 711; x_wconf 82' lang='lat' dir='ltr'>Ciliciam</span> <span class='ocrx_word' id='word_1_7' title='bbox 1210 646 1329 710; x_wconf 90' lang='lat' dir='ltr'>factam</span> <span class='ocrx_word' id='word_1_8' title='bbox 1351 663 1408 728; x_wconf 92' lang='lat' dir='ltr'>pro</span> <span class='ocrx_word' id='word_1_9' title='bbox 1431 664 1630 726; x_wconf 88' lang='lat' dir='ltr'>quacumque</span> <span class='ocrx_word' id='word_1_10' title='bbox 1652 643 1854 727; x_wconf 81' lang='lat' dir='ltr'>expeditione</span> <span class='ocrx_word' id='word_1_11' title='bbox 1876 642 1993 710; x_wconf 89' lang='lat' dir='ltr'>bellica</span> <span class='ocrx_word' id='word_1_12' title='bbox 2014 663 2078 709; x_wconf 90' lang='lat' dir='ltr'>me·</span> 
     </span>
     <span class='ocr_line' id='line_1_3' title="bbox 345 747 2080 830; baseline -0.003 -16"><span class='ocrx_word' id='word_1_13' title='bbox 345 757 501 814; x_wconf 90' lang='lat' dir='ltr'>moratam</span> <span class='ocrx_word' id='word_1_14' title='bbox 523 769 594 814; x_wconf 88' lang='lat' dir='ltr'>csse</span> <span class='ocrx_word' id='word_1_15' title='bbox 616 756 802 814; x_wconf 89' lang='lat' dir='ltr'>statuamus.</span> <span class='ocrx_word' id='word_1_16' title='bbox 848 749 916 814; x_wconf 93' lang='lat' dir='ltr'>Hoc</span> <span class='ocrx_word' id='word_1_17' title='bbox 939 748 1032 814; x_wconf 89' lang='lat' dir='ltr'>modo</span> <span class='ocrx_word' id='word_1_18' title='bbox 1055 749 1163 813; x_wconf 88' lang='lat' dir='ltr'>omnia</span> <span class='ocrx_word' id='word_1_19' title='bbox 1193 747 1343 830; x_wconf 87' lang='lat' dir='ltr'>expedita</span> <span class='ocrx_word' id='word_1_20' title='bbox 1377 753 1513 812; x_wconf 88' lang='lat' dir='ltr'>curmnt.</span> <span class='ocrx_word' id='word_1_21' title='bbox 1558 747 1642 811; x_wconf 90' lang='lat' dir='ltr'>Nam</span> <span class='ocrx_word' id='word_1_22' title='bbox 1672 753 1744 830; x_wconf 89' lang='lat' dir='ltr'>post</span> <span class='ocrx_word' id='word_1_23' title='bbox 1773 771 1822 810; x_wconf 76' lang='lat' dir='ltr'>nec</span> <span class='ocrx_word' id='word_1_24' title='bbox 1843 763 1868 810; x_wconf 79' lang='lat' dir='ltr'>tc</span> <span class='ocrx_word' id='word_1_25' title='bbox 1885 771 1965 828; x_wconf 74' lang='lat' dir='ltr'>posca</span> <span class='ocrx_word' id='word_1_26' title='bbox 1987 771 2080 812; x_wconf 78' lang='lat' dir='ltr'>carcre</span> 
     </span>
     <span class='ocr_line' id='line_1_4' title="bbox 344 847 2079 934; baseline -0.002 -19"><span class='ocrx_word' id='word_1_27' title='bbox 344 860 422 916; x_wconf 79' lang='lat' dir='ltr'>aelim</span> <span class='ocrx_word' id='word_1_28' title='bbox 444 851 503 916; x_wconf 89' lang='lat' dir='ltr'>boc</span> <span class='ocrx_word' id='word_1_29' title='bbox 525 851 630 934; x_wconf 89' lang='lat' dir='ltr'>ipsum</span> <span class='ocrx_word' id='word_1_30' title='bbox 653 859 868 934; x_wconf 83' lang='lat' dir='ltr'>exspectatur:</span> <span class='ocrx_word' id='word_1_31' title='bbox 893 851 1083 934; x_wconf 85' lang='lat' dir='ltr'>quicumque</span> <span class='ocrx_word' id='word_1_32' title='bbox 1104 857 1211 916; x_wconf 89' lang='lat' dir='ltr'>autem</span> <span class='ocrx_word' id='word_1_33' title='bbox 1232 871 1288 934; x_wconf 94' lang='lat' dir='ltr'>pro</span> <span class='ocrx_word' id='word_1_34' title='bbox 1311 857 1342 916; x_wconf 93' lang='lat' dir='ltr'>te</span> <span class='ocrx_word' id='word_1_35' title='bbox 1364 850 1487 914; x_wconf 90' lang='lat' dir='ltr'>mauult</span> <span class='ocrx_word' id='word_1_36' title='bbox 1508 848 1660 933; x_wconf 89' lang='lat' dir='ltr'>praedam</span> <span class='ocrx_word' id='word_1_37' title='bbox 1683 857 1715 914; x_wconf 90' lang='lat' dir='ltr'>et</span> <span class='ocrx_word' id='word_1_38' title='bbox 1736 848 1871 932; x_wconf 86' lang='lat' dir='ltr'>gloriam</span> <span class='ocrx_word' id='word_1_39' title='bbox 1893 847 2079 930; x_wconf 86' lang='lat' dir='ltr'>consectari,</span> 
     </span>
     <span class='ocr_line' id='line_1_5' title="bbox 342 951 2079 1036; baseline -0.002 -18"><span class='ocrx_word' id='word_1_40' title='bbox 342 953 370 1019; x_wconf 89' lang='lat' dir='ltr'>is</span> <span class='ocrx_word' id='word_1_41' title='bbox 392 953 513 1019; x_wconf 80' lang='lat' dir='ltr'>ferreus</span> <span class='ocrx_word' id='word_1_42' title='bbox 535 961 591 1019; x_wconf 90' lang='lat' dir='ltr'>est.</span> <span class='ocrx_word' id='word_1_43' title='bbox 637 951 706 1030; x_wconf 82' lang='lat' dir='ltr'>Quo</span> <span class='ocrx_word' id='word_1_44' title='bbox 730 953 848 1036; x_wconf 89' lang='lat' dir='ltr'>optimc</span> <span class='ocrx_word' id='word_1_45' title='bbox 875 953 1024 1018; x_wconf 88' lang='lat' dir='ltr'>conuenit</span> <span class='ocrx_word' id='word_1_46' title='bbox 1054 961 1176 1016; x_wconf 63' lang='lat' dir='ltr'>malam</span> <span class='ocrx_word' id='word_1_47' title='bbox 1206 952 1440 1032; x_wconf 89' lang='lat' dir='ltr'>coniunctiuus;</span> <span class='ocrx_word' id='word_1_48' title='bbox 1472 972 1510 1017; x_wconf 91' lang='lat' dir='ltr'>eo</span> <span class='ocrx_word' id='word_1_49' title='bbox 1542 952 1625 1017; x_wconf 89' lang='lat' dir='ltr'>cuim</span> <span class='ocrx_word' id='word_1_50' title='bbox 1650 959 1774 1030; x_wconf 72' lang='lat' dir='ltr'>serrem</span> <span class='ocrx_word' id='word_1_51' title='bbox 1798 960 1873 1014; x_wconf 70' lang='lat' dir='ltr'>dam</span> <span class='ocrx_word' id='word_1_52' title='bbox 1903 951 2079 1035; x_wconf 80' lang='lat' dir='ltr'>generatim</span> 
     </span>
     <span class='ocr_line' id='line_1_6' title="bbox 341 1053 2081 1139; baseline -0.001 -19"><span class='ocrx_word' id='word_1_53' title='bbox 341 1055 462 1121; x_wconf 92' lang='lat' dir='ltr'>dictum</span> <span class='ocrx_word' id='word_1_54' title='bbox 484 1077 554 1122; x_wconf 89' lang='lat' dir='ltr'>csse</span> <span class='ocrx_word' id='word_1_55' title='bbox 575 1055 735 1121; x_wconf 89' lang='lat' dir='ltr'>indicatur</span> <span class='ocrx_word' id='word_1_56' title='bbox 756 1075 827 1139; x_wconf 91' lang='lat' dir='ltr'>pro:</span> <span class='ocrx_word' id='word_1_57' title='bbox 863 1063 973 1136; x_wconf 81' lang='lat' dir='ltr'>ferreas</span> <span class='ocrx_word' id='word_1_58' title='bbox 996 1071 1033 1118; x_wconf 79' lang='lat' dir='ltr'>cst</span> <span class='ocrx_word' id='word_1_59' title='bbox 1054 1062 1184 1119; x_wconf 70' lang='lat' dir='ltr'>ciraesmodi</span> <span class='ocrx_word' id='word_1_60' title='bbox 1206 1062 1291 1118; x_wconf 86' lang='lat' dir='ltr'>homo.</span> <span class='ocrx_word' id='word_1_61' title='bbox 1335 1055 1447 1136; x_wconf 89' lang='lat' dir='ltr'>Neque</span> <span class='ocrx_word' id='word_1_62' title='bbox 1473 1074 1549 1120; x_wconf 92' lang='lat' dir='ltr'>uero</span> <span class='ocrx_word' id='word_1_63' title='bbox 1580 1055 1613 1119; x_wconf 93' lang='lat' dir='ltr'>in</span> <span class='ocrx_word' id='word_1_64' title='bbox 1644 1054 1713 1138; x_wconf 90' lang='lat' dir='ltr'>ipso</span> <span class='ocrx_word' id='word_1_65' title='bbox 1744 1053 1929 1137; x_wconf 88' lang='lat' dir='ltr'>pronomine</span> <span class='ocrx_word' id='word_1_66' title='bbox 1951 1061 1999 1119; x_wconf 88' lang='lat' dir='ltr'>est</span> <span class='ocrx_word' id='word_1_67' title='bbox 2024 1074 2081 1119; x_wconf 92' lang='lat' dir='ltr'>cur</span> 
     </span>
     <span class='ocr_line' id='line_1_7' title="bbox 341 1156 2078 1241; baseline 0 -19"><span class='ocrx_word' id='word_1_68' title='bbox 341 1157 542 1240; x_wconf 83' lang='lat' dir='ltr'>haereamus,</span> <span class='ocrx_word' id='word_1_69' title='bbox 573 1179 671 1241; x_wconf 92' lang='lat' dir='ltr'>quum</span> <span class='ocrx_word' id='word_1_70' title='bbox 692 1177 749 1241; x_wconf 92' lang='lat' dir='ltr'>pro</span> <span class='ocrx_word' id='word_1_71' title='bbox 771 1167 806 1234; x_wconf 82' lang='lat' dir='ltr'>ia,</span> <span class='ocrx_word' id='word_1_72' title='bbox 837 1164 946 1240; x_wconf 87' lang='lat' dir='ltr'>utpote</span> <span class='ocrx_word' id='word_1_73' title='bbox 969 1177 1065 1239; x_wconf 91' lang='lat' dir='ltr'>quam</span> <span class='ocrx_word' id='word_1_74' title='bbox 1088 1156 1235 1222; x_wconf 91' lang='lat' dir='ltr'>uoculam</span> <span class='ocrx_word' id='word_1_75' title='bbox 1257 1157 1386 1222; x_wconf 88' lang='lat' dir='ltr'>minime</span> <span class='ocrx_word' id='word_1_76' title='bbox 1408 1163 1529 1240; x_wconf 89' lang='lat' dir='ltr'>ament,</span> <span class='ocrx_word' id='word_1_77' title='bbox 1552 1156 1740 1240; x_wconf 81' lang='lat' dir='ltr'>saepissime</span> <span class='ocrx_word' id='word_1_78' title='bbox 1762 1163 1876 1240; x_wconf 90' lang='lat' dir='ltr'>poetae</span> <span class='ocrx_word' id='word_1_79' title='bbox 1903 1156 2078 1222; x_wconf 84' lang='lat' dir='ltr'>adhibeant</span> 
     </span>
     <span class='ocr_line' id='line_1_8' title="bbox 341 1257 2076 1343; baseline -0.001 -19"><span class='ocrx_word' id='word_1_80' title='bbox 341 1269 390 1324; x_wconf 77' lang='lat' dir='ltr'>ille.</span> <span class='ocrx_word' id='word_1_81' title='bbox 436 1259 500 1325; x_wconf 85' lang='lat' dir='ltr'>Sed</span> <span class='ocrx_word' id='word_1_82' title='bbox 522 1269 778 1342; x_wconf 88' lang='lat' dir='ltr'>quantacumque</span> <span class='ocrx_word' id='word_1_83' title='bbox 800 1265 873 1324; x_wconf 91' lang='lat' dir='ltr'>sunt</span> <span class='ocrx_word' id='word_1_84' title='bbox 895 1259 975 1325; x_wconf 88' lang='lat' dir='ltr'>haec</span> <span class='ocrx_word' id='word_1_85' title='bbox 997 1267 1194 1343; x_wconf 81' lang='lat' dir='ltr'>argumenta,</span> <span class='ocrx_word' id='word_1_86' title='bbox 1217 1267 1324 1325; x_wconf 90' lang='lat' dir='ltr'>tamen</span> <span class='ocrx_word' id='word_1_87' title='bbox 1350 1257 1393 1324; x_wconf 89' lang='lat' dir='ltr'>ad</span> <span class='ocrx_word' id='word_1_88' title='bbox 1423 1258 1546 1324; x_wconf 90' lang='lat' dir='ltr'>irritum</span> <span class='ocrx_word' id='word_1_89' title='bbox 1577 1259 1763 1343; x_wconf 83' lang='lat' dir='ltr'>rediguntur</span> <span class='ocrx_word' id='word_1_90' title='bbox 1794 1280 1856 1324; x_wconf 91' lang='lat' dir='ltr'>uno</span> <span class='ocrx_word' id='word_1_91' title='bbox 1888 1260 1986 1325; x_wconf 92' lang='lat' dir='ltr'>uerbo</span> <span class='ocrx_word' id='word_1_92' title='bbox 2011 1267 2076 1340; x_wconf 80' lang='lat' dir='ltr'>sair,</span> 
     </span>
     <span class='ocr_line' id='line_1_9' title="bbox 342 1361 2079 1448; baseline 0.001 -21"><span class='ocrx_word' id='word_1_93' title='bbox 342 1382 404 1445; x_wconf 91' lang='lat' dir='ltr'>quo</span> <span class='ocrx_word' id='word_1_94' title='bbox 435 1363 567 1448; x_wconf 90' lang='lat' dir='ltr'>perfecti</span> <span class='ocrx_word' id='word_1_95' title='bbox 598 1361 772 1428; x_wconf 89' lang='lat' dir='ltr'>indicatiuo</span> <span class='ocrx_word' id='word_1_96' title='bbox 796 1361 835 1427; x_wconf 89' lang='lat' dir='ltr'>de</span> <span class='ocrx_word' id='word_1_97' title='bbox 858 1367 943 1427; x_wconf 89' lang='lat' dir='ltr'>certo</span> <span class='ocrx_word' id='word_1_98' title='bbox 970 1361 1108 1445; x_wconf 91' lang='lat' dir='ltr'>quodam</span> <span class='ocrx_word' id='word_1_99' title='bbox 1130 1361 1257 1427; x_wconf 91' lang='lat' dir='ltr'>homine</span> <span class='ocrx_word' id='word_1_100' title='bbox 1280 1369 1428 1445; x_wconf 89' lang='lat' dir='ltr'>certoque</span> <span class='ocrx_word' id='word_1_101' title='bbox 1446 1361 1651 1448; x_wconf 82' lang='lat' dir='ltr'>profectionis</span> <span class='ocrx_word' id='word_1_102' title='bbox 1673 1369 1814 1447; x_wconf 86' lang='lat' dir='ltr'>tempore</span> <span class='ocrx_word' id='word_1_103' title='bbox 1836 1362 1891 1445; x_wconf 75' lang='lat' dir='ltr'>agi</span> <span class='ocrx_word' id='word_1_104' title='bbox 1912 1362 1990 1428; x_wconf 89' lang='lat' dir='ltr'>solis</span> <span class='ocrx_word' id='word_1_105' title='bbox 2008 1362 2079 1428; x_wconf 90' lang='lat' dir='ltr'>luce</span> 
     </span>
     <span class='ocr_line' id='line_1_10' title="bbox 342 1463 2076 1548; baseline 0.002 -18"><span class='ocrx_word' id='word_1_106' title='bbox 342 1472 389 1530; x_wconf 91' lang='lat' dir='ltr'>est</span> <span class='ocrx_word' id='word_1_107' title='bbox 412 1465 538 1530; x_wconf 88' lang='lat' dir='ltr'>clarius.</span> <span class='ocrx_word' id='word_1_108' title='bbox 584 1463 673 1543; x_wconf 78' lang='lat' dir='ltr'>Quae</span> <span class='ocrx_word' id='word_1_109' title='bbox 696 1485 792 1548; x_wconf 90' lang='lat' dir='ltr'>quum</span> <span class='ocrx_word' id='word_1_110' title='bbox 818 1464 864 1529; x_wconf 93' lang='lat' dir='ltr'>ita</span> <span class='ocrx_word' id='word_1_111' title='bbox 890 1464 968 1548; x_wconf 89' lang='lat' dir='ltr'>sint,</span> <span class='ocrx_word' id='word_1_112' title='bbox 1001 1485 1097 1548; x_wconf 92' lang='lat' dir='ltr'>quum</span> <span class='ocrx_word' id='word_1_113' title='bbox 1124 1466 1270 1532; x_wconf 89' lang='lat' dir='ltr'>omnibus</span> <span class='ocrx_word' id='word_1_114' title='bbox 1301 1467 1363 1532; x_wconf 89' lang='lat' dir='ltr'>loci</span> <span class='ocrx_word' id='word_1_115' title='bbox 1389 1467 1565 1532; x_wconf 89' lang='lat' dir='ltr'>rationibus</span> <span class='ocrx_word' id='word_1_116' title='bbox 1593 1467 1630 1532; x_wconf 88' lang='lat' dir='ltr'>co&#39;</span> <span class='ocrx_word' id='word_1_117' title='bbox 1653 1466 1861 1546; x_wconf 74' lang='lat' dir='ltr'>deducamur,</span> <span class='ocrx_word' id='word_1_118' title='bbox 1894 1487 1957 1532; x_wconf 92' lang='lat' dir='ltr'>non</span> <span class='ocrx_word' id='word_1_119' title='bbox 1979 1473 2014 1530; x_wconf 90' lang='lat' dir='ltr'>ut</span> <span class='ocrx_word' id='word_1_120' title='bbox 2036 1466 2076 1533; x_wconf 90' lang='lat' dir='ltr'>de</span> 
     </span>
     <span class='ocr_line' id='line_1_11' title="bbox 343 1566 2077 1653; baseline 0.001 -21"><span class='ocrx_word' id='word_1_121' title='bbox 343 1573 428 1634; x_wconf 90' lang='lat' dir='ltr'>certo</span> <span class='ocrx_word' id='word_1_122' title='bbox 450 1567 591 1650; x_wconf 88' lang='lat' dir='ltr'>homine,</span> <span class='ocrx_word' id='word_1_123' title='bbox 624 1566 680 1634; x_wconf 88' lang='lat' dir='ltr'>sed</span> <span class='ocrx_word' id='word_1_124' title='bbox 703 1574 738 1632; x_wconf 90' lang='lat' dir='ltr'>ut</span> <span class='ocrx_word' id='word_1_125' title='bbox 759 1567 936 1650; x_wconf 83' lang='lat' dir='ltr'>generatim</span> <span class='ocrx_word' id='word_1_126' title='bbox 958 1567 1046 1651; x_wconf 94' lang='lat' dir='ltr'>loqui</span> <span class='ocrx_word' id='word_1_127' title='bbox 1076 1575 1204 1653; x_wconf 89' lang='lat' dir='ltr'>poetam</span> <span class='ocrx_word' id='word_1_128' title='bbox 1234 1575 1425 1651; x_wconf 86' lang='lat' dir='ltr'>statuamus,</span> <span class='ocrx_word' id='word_1_129' title='bbox 1456 1569 1560 1634; x_wconf 88' lang='lat' dir='ltr'>obstct</span> <span class='ocrx_word' id='word_1_130' title='bbox 1591 1569 1665 1634; x_wconf 91' lang='lat' dir='ltr'>huic</span> <span class='ocrx_word' id='word_1_131' title='bbox 1696 1568 1948 1653; x_wconf 85' lang='lat' dir='ltr'>interpretationi</span> <span class='ocrx_word' id='word_1_132' title='bbox 1979 1589 2077 1634; x_wconf 90' lang='lat' dir='ltr'>unum</span> 
     </span>
     <span class='ocr_line' id='line_1_12' title="bbox 342 1670 2079 1758; baseline 0.001 -22"><span class='ocrx_word' id='word_1_133' title='bbox 342 1670 546 1736; x_wconf 89' lang='lat' dir='ltr'>uocabulum:</span> <span class='ocrx_word' id='word_1_134' title='bbox 567 1677 671 1736; x_wconf 92' lang='lat' dir='ltr'>utrum</span> <span class='ocrx_word' id='word_1_135' title='bbox 689 1689 808 1752; x_wconf 89' lang='lat' dir='ltr'>quaeso</span> <span class='ocrx_word' id='word_1_136' title='bbox 826 1670 930 1754; x_wconf 83' lang='lat' dir='ltr'>magis</span> <span class='ocrx_word' id='word_1_137' title='bbox 948 1679 997 1736; x_wconf 90' lang='lat' dir='ltr'>cst</span> <span class='ocrx_word' id='word_1_138' title='bbox 1014 1677 1272 1752; x_wconf 89' lang='lat' dir='ltr'>consentancum,</span> <span class='ocrx_word' id='word_1_139' title='bbox 1291 1679 1434 1736; x_wconf 89' lang='lat' dir='ltr'>totamnc</span> <span class='ocrx_word' id='word_1_140' title='bbox 1452 1691 1519 1758; x_wconf 84' lang='lat' dir='ltr'>rem</span> <span class='ocrx_word' id='word_1_141' title='bbox 1538 1671 1652 1736; x_wconf 80' lang='lat' dir='ltr'>uitiosa</span> <span class='ocrx_word' id='word_1_142' title='bbox 1674 1677 1706 1736; x_wconf 91' lang='lat' dir='ltr'>et</span> <span class='ocrx_word' id='word_1_143' title='bbox 1720 1670 1882 1736; x_wconf 89' lang='lat' dir='ltr'>incondite</span> <span class='ocrx_word' id='word_1_144' title='bbox 1900 1670 2079 1750; x_wconf 76' lang='lat' dir='ltr'>institutam</span> 
     </span>
     <span class='ocr_line' id='line_1_13' title="bbox 345 1772 2077 1858; baseline 0.001 -19"><span class='ocrx_word' id='word_1_145' title='bbox 345 1793 415 1840; x_wconf 87' lang='lat' dir='ltr'>esse</span> <span class='ocrx_word' id='word_1_146' title='bbox 437 1774 479 1839; x_wconf 88' lang='lat' dir='ltr'>ab</span> <span class='ocrx_word' id='word_1_147' title='bbox 502 1779 632 1840; x_wconf 89' lang='lat' dir='ltr'>auctore</span> <span class='ocrx_word' id='word_1_148' title='bbox 653 1773 742 1858; x_wconf 91' lang='lat' dir='ltr'>ipso,</span> <span class='ocrx_word' id='word_1_149' title='bbox 774 1795 816 1838; x_wconf 89' lang='lat' dir='ltr'>an</span> <span class='ocrx_word' id='word_1_150' title='bbox 838 1772 918 1838; x_wconf 92' lang='lat' dir='ltr'>illud</span> <span class='ocrx_word' id='word_1_151' title='bbox 940 1773 1132 1839; x_wconf 83' lang='lat' dir='ltr'>uocabulum</span> <span class='ocrx_word' id='word_1_152' title='bbox 1156 1773 1268 1838; x_wconf 90' lang='lat' dir='ltr'>uitiose</span> <span class='ocrx_word' id='word_1_153' title='bbox 1290 1780 1322 1838; x_wconf 92' lang='lat' dir='ltr'>ct</span> <span class='ocrx_word' id='word_1_154' title='bbox 1344 1773 1577 1840; x_wconf 86' lang='lat' dir='ltr'>inconsiderate</span> <span class='ocrx_word' id='word_1_155' title='bbox 1599 1781 1767 1856; x_wconf 82' lang='lat' dir='ltr'>exceptum</span> <span class='ocrx_word' id='word_1_156' title='bbox 1789 1794 1860 1840; x_wconf 88' lang='lat' dir='ltr'>csse</span> <span class='ocrx_word' id='word_1_157' title='bbox 1882 1795 1903 1838; x_wconf 92' lang='lat' dir='ltr'>a</span> <span class='ocrx_word' id='word_1_158' title='bbox 1924 1773 2077 1840; x_wconf 81' lang='lat' dir='ltr'>librario?</span> 
     </span>
     <span class='ocr_line' id='line_1_14' title="bbox 342 1875 2076 1961; baseline 0.001 -19"><span class='ocrx_word' id='word_1_159' title='bbox 342 1875 405 1954; x_wconf 79' lang='lat' dir='ltr'>Qui</span> <span class='ocrx_word' id='word_1_160' title='bbox 428 1896 566 1958; x_wconf 90' lang='lat' dir='ltr'>quanam</span> <span class='ocrx_word' id='word_1_161' title='bbox 589 1896 668 1942; x_wconf 91' lang='lat' dir='ltr'>uoce</span> <span class='ocrx_word' id='word_1_162' title='bbox 690 1875 817 1942; x_wconf 86' lang='lat' dir='ltr'>Tibullo</span> <span class='ocrx_word' id='word_1_163' title='bbox 840 1875 976 1958; x_wconf 88' lang='lat' dir='ltr'>probata</span> <span class='ocrx_word' id='word_1_164' title='bbox 998 1895 1090 1942; x_wconf 89' lang='lat' dir='ltr'>suum</span> <span class='ocrx_word' id='word_1_165' title='bbox 1112 1896 1249 1942; x_wconf 88' lang='lat' dir='ltr'>errorem</span> <span class='ocrx_word' id='word_1_166' title='bbox 1272 1877 1482 1959; x_wconf 89' lang='lat' dir='ltr'>commutarit,</span> <span class='ocrx_word' id='word_1_167' title='bbox 1506 1897 1566 1960; x_wconf 88' lang='lat' dir='ltr'>ego</span> <span class='ocrx_word' id='word_1_168' title='bbox 1588 1897 1652 1942; x_wconf 90' lang='lat' dir='ltr'>non</span> <span class='ocrx_word' id='word_1_169' title='bbox 1674 1876 1702 1944; x_wconf 90' lang='lat' dir='ltr'>is</span> <span class='ocrx_word' id='word_1_170' title='bbox 1724 1896 1804 1958; x_wconf 90' lang='lat' dir='ltr'>surn,</span> <span class='ocrx_word' id='word_1_171' title='bbox 1833 1877 1888 1958; x_wconf 89' lang='lat' dir='ltr'>qui</span> <span class='ocrx_word' id='word_1_172' title='bbox 1910 1897 1967 1961; x_wconf 88' lang='lat' dir='ltr'>pro</span> <span class='ocrx_word' id='word_1_173' title='bbox 1989 1885 2076 1944; x_wconf 87' lang='lat' dir='ltr'>certo</span> 
     </span>
     <span class='ocr_line' id='line_1_15' title="bbox 342 1977 1779 2063; baseline 0 -19"><span class='ocrx_word' id='word_1_174' title='bbox 342 1977 502 2044; x_wconf 88' lang='lat' dir='ltr'>aliirmare</span> <span class='ocrx_word' id='word_1_175' title='bbox 523 1977 674 2062; x_wconf 89' lang='lat' dir='ltr'>audeam;</span> <span class='ocrx_word' id='word_1_176' title='bbox 697 1984 804 2044; x_wconf 88' lang='lat' dir='ltr'>tamen</span> <span class='ocrx_word' id='word_1_177' title='bbox 826 1978 1006 2063; x_wconf 90' lang='lat' dir='ltr'>proloquar,</span> <span class='ocrx_word' id='word_1_178' title='bbox 1030 1978 1114 2061; x_wconf 87' lang='lat' dir='ltr'>quod</span> <span class='ocrx_word' id='word_1_179' title='bbox 1137 1979 1289 2062; x_wconf 87' lang='lat' dir='ltr'>scriptum</span> <span class='ocrx_word' id='word_1_180' title='bbox 1310 1979 1410 2046; x_wconf 85' lang='lat' dir='ltr'>fuisse</span> <span class='ocrx_word' id='word_1_181' title='bbox 1431 1979 1510 2044; x_wconf 89' lang='lat' dir='ltr'>mihi</span> <span class='ocrx_word' id='word_1_182' title='bbox 1531 1977 1696 2062; x_wconf 87' lang='lat' dir='ltr'>probabile</span> <span class='ocrx_word' id='word_1_183' title='bbox 1718 1985 1779 2046; x_wconf 87' lang='lat' dir='ltr'>est:</span> 
     </span>
    </p>
   </div>
   <div class='ocr_carea' id='block_1_2' title="bbox 837 2137 1589 2318">
    <p class='ocr_par' dir='ltr' id='par_1_2' title="bbox 837 2137 1589 2318">
     <span class='ocr_line' id='line_1_16' title="bbox 837 2137 1589 2216; baseline 0 -20"><span class='ocrx_word' id='word_1_184' title='bbox 837 2137 958 2196; x_wconf 77' lang='lat' dir='ltr'>Ferreus</span> <span class='ocrx_word' id='word_1_185' title='bbox 978 2141 1029 2210; x_wconf 78' lang='lat' dir='ltr'>illc,</span> <span class='ocrx_word' id='word_1_186' title='bbox 1050 2157 1141 2196; x_wconf 84' lang='lat' dir='ltr'>cuam</span> <span class='ocrx_word' id='word_1_187' title='bbox 1163 2141 1210 2214; x_wconf 85' lang='lat' dir='ltr'>qui</span> <span class='ocrx_word' id='word_1_188' title='bbox 1229 2147 1254 2196; x_wconf 82' lang='lat' dir='ltr'>tc</span> <span class='ocrx_word' id='word_1_189' title='bbox 1274 2159 1355 2214; x_wconf 82' lang='lat' dir='ltr'>qaum</span> <span class='ocrx_word' id='word_1_190' title='bbox 1373 2149 1463 2216; x_wconf 78' lang='lat' dir='ltr'>posset</span> <span class='ocrx_word' id='word_1_191' title='bbox 1483 2139 1589 2210; x_wconf 82' lang='lat' dir='ltr'>habere,</span> 
     </span>
     <span class='ocr_line' id='line_1_17' title="bbox 880 2241 1515 2318; baseline 0.002 -20"><span class='ocrx_word' id='word_1_192' title='bbox 880 2241 1010 2299; x_wconf 76' lang='lat' dir='ltr'>dicluerr&#39;t</span> <span class='ocrx_word' id='word_1_193' title='bbox 1027 2241 1151 2318; x_wconf 71' lang='lat' dir='ltr'>praedm</span> <span class='ocrx_word' id='word_1_194' title='bbox 1172 2242 1267 2300; x_wconf 82' lang='lat' dir='ltr'>stultus</span> <span class='ocrx_word' id='word_1_195' title='bbox 1288 2251 1313 2299; x_wconf 82' lang='lat' dir='ltr'>et</span> <span class='ocrx_word' id='word_1_196' title='bbox 1333 2259 1413 2298; x_wconf 80' lang='lat' dir='ltr'>amau</span> <span class='ocrx_word' id='word_1_197' title='bbox 1434 2245 1515 2318; x_wconf 81' lang='lat' dir='ltr'>sequi.</span> 
     </span>
    </p>
   </div>
   <div class='ocr_carea' id='block_1_3' title="bbox 341 2386 2081 2882">
    <p class='ocr_par' dir='ltr' id='par_1_3' title="bbox 341 2386 2081 2882">
     <span class='ocr_line' id='line_1_18' title="bbox 495 2386 2078 2473; baseline 0.005 -21"><span class='ocrx_word' id='word_1_198' title='bbox 495 2389 563 2454; x_wconf 89' lang='lat' dir='ltr'>Nec</span> <span class='ocrx_word' id='word_1_199' title='bbox 585 2409 704 2472; x_wconf 88' lang='lat' dir='ltr'>uereor,</span> <span class='ocrx_word' id='word_1_200' title='bbox 727 2408 769 2454; x_wconf 90' lang='lat' dir='ltr'>ne</span> <span class='ocrx_word' id='word_1_201' title='bbox 790 2386 898 2452; x_wconf 82' lang='lat' dir='ltr'>audax</span> <span class='ocrx_word' id='word_1_202' title='bbox 920 2408 991 2453; x_wconf 90' lang='lat' dir='ltr'>esse</span> <span class='ocrx_word' id='word_1_203' title='bbox 1012 2387 1137 2471; x_wconf 79' lang='lat' dir='ltr'>uidear,</span> <span class='ocrx_word' id='word_1_204' title='bbox 1160 2409 1235 2454; x_wconf 90' lang='lat' dir='ltr'>nam</span> <span class='ocrx_word' id='word_1_205' title='bbox 1257 2389 1402 2473; x_wconf 89' lang='lat' dir='ltr'>syllabae</span> <span class='ocrx_word' id='word_1_206' title='bbox 1423 2414 1456 2453; x_wconf 78' lang='lat' dir='ltr'>aa</span> <span class='ocrx_word' id='word_1_207' title='bbox 1478 2395 1509 2454; x_wconf 91' lang='lat' dir='ltr'>ct</span> <span class='ocrx_word' id='word_1_208' title='bbox 1526 2397 1562 2468; x_wconf 81' lang='lat' dir='ltr'>sa</span> <span class='ocrx_word' id='word_1_209' title='bbox 1585 2389 1772 2473; x_wconf 91' lang='lat' dir='ltr'>quantulum</span> <span class='ocrx_word' id='word_1_210' title='bbox 1799 2391 1882 2457; x_wconf 91' lang='lat' dir='ltr'>inter</span> <span class='ocrx_word' id='word_1_211' title='bbox 1902 2413 1937 2458; x_wconf 85' lang='lat' dir='ltr'>sc</span> <span class='ocrx_word' id='word_1_212' title='bbox 1959 2393 2078 2460; x_wconf 85' lang='lat' dir='ltr'>distent</span> 
     </span>
     <span class='ocr_line' id='line_1_19' title="bbox 342 2490 2081 2576; baseline 0.002 -20"><span class='ocrx_word' id='word_1_213' title='bbox 342 2499 485 2575; x_wconf 89' lang='lat' dir='ltr'>apparet,</span> <span class='ocrx_word' id='word_1_214' title='bbox 510 2499 541 2557; x_wconf 92' lang='lat' dir='ltr'>et</span> <span class='ocrx_word' id='word_1_215' title='bbox 564 2491 603 2556; x_wconf 91' lang='lat' dir='ltr'>de</span> <span class='ocrx_word' id='word_1_216' title='bbox 626 2491 752 2575; x_wconf 88' lang='lat' dir='ltr'>syllaba</span> <span class='ocrx_word' id='word_1_217' title='bbox 775 2516 820 2554; x_wconf 84' lang='lat' dir='ltr'>am</span> <span class='ocrx_word' id='word_1_218' title='bbox 851 2511 908 2574; x_wconf 89' lang='lat' dir='ltr'>per</span> <span class='ocrx_word' id='word_1_219' title='bbox 939 2490 1160 2574; x_wconf 86' lang='lat' dir='ltr'>compendium</span> <span class='ocrx_word' id='word_1_220' title='bbox 1191 2492 1310 2574; x_wconf 86' lang='lat' dir='ltr'>scripta</span> <span class='ocrx_word' id='word_1_221' title='bbox 1340 2491 1436 2556; x_wconf 83' lang='lat' dir='ltr'>facile</span> <span class='ocrx_word' id='word_1_222' title='bbox 1466 2499 1591 2576; x_wconf 89' lang='lat' dir='ltr'>poterat</span> <span class='ocrx_word' id='word_1_223' title='bbox 1622 2491 1729 2558; x_wconf 88' lang='lat' dir='ltr'>errari.</span> <span class='ocrx_word' id='word_1_224' title='bbox 1773 2493 1821 2558; x_wconf 82' lang='lat' dir='ltr'>Ac</span> <span class='ocrx_word' id='word_1_225' title='bbox 1852 2493 1892 2559; x_wconf 92' lang='lat' dir='ltr'>de</span> <span class='ocrx_word' id='word_1_226' title='bbox 1922 2498 2081 2561; x_wconf 86' lang='lat' dir='ltr'>sententia</span> 
     </span>
     <span class='ocr_line' id='line_1_20' title="bbox 347 2591 2077 2680; baseline 0.002 -22"><span class='ocrx_word' id='word_1_227' title='bbox 347 2593 487 2659; x_wconf 88' lang='lat' dir='ltr'>dubitari</span> <span class='ocrx_word' id='word_1_228' title='bbox 518 2613 582 2659; x_wconf 93' lang='lat' dir='ltr'>non</span> <span class='ocrx_word' id='word_1_229' title='bbox 603 2601 717 2678; x_wconf 89' lang='lat' dir='ltr'>potest,</span> <span class='ocrx_word' id='word_1_230' title='bbox 740 2593 816 2675; x_wconf 91' lang='lat' dir='ltr'>quin</span> <span class='ocrx_word' id='word_1_231' title='bbox 843 2593 889 2658; x_wconf 90' lang='lat' dir='ltr'>ita</span> <span class='ocrx_word' id='word_1_232' title='bbox 907 2591 1046 2658; x_wconf 87' lang='lat' dir='ltr'>ualidius</span> <span class='ocrx_word' id='word_1_233' title='bbox 1064 2593 1161 2658; x_wconf 88' lang='lat' dir='ltr'>etiam</span> <span class='ocrx_word' id='word_1_234' title='bbox 1184 2595 1266 2660; x_wconf 91' lang='lat' dir='ltr'>iuter</span> <span class='ocrx_word' id='word_1_235' title='bbox 1283 2615 1318 2660; x_wconf 91' lang='lat' dir='ltr'>sc</span> <span class='ocrx_word' id='word_1_236' title='bbox 1336 2601 1536 2680; x_wconf 90' lang='lat' dir='ltr'>opponantur</span> <span class='ocrx_word' id='word_1_237' title='bbox 1553 2594 1633 2660; x_wconf 87' lang='lat' dir='ltr'>haec</span> <span class='ocrx_word' id='word_1_238' title='bbox 1655 2594 1732 2662; x_wconf 91' lang='lat' dir='ltr'>duo:</span> <span class='ocrx_word' id='word_1_239' title='bbox 1757 2596 1894 2680; x_wconf 89' lang='lat' dir='ltr'>puellam</span> <span class='ocrx_word' id='word_1_240' title='bbox 1917 2597 2077 2680; x_wconf 85' lang='lat' dir='ltr'>propriam</span> 
     </span>
     <span class='ocr_line' id='line_1_21' title="bbox 345 2695 2077 2783; baseline 0.002 -23"><span class='ocrx_word' id='word_1_241' title='bbox 345 2695 463 2761; x_wconf 84' lang='lat' dir='ltr'>babere</span> <span class='ocrx_word' id='word_1_242' title='bbox 485 2703 516 2762; x_wconf 92' lang='lat' dir='ltr'>et</span> <span class='ocrx_word' id='word_1_243' title='bbox 534 2695 686 2779; x_wconf 87' lang='lat' dir='ltr'>praedam</span> <span class='ocrx_word' id='word_1_244' title='bbox 705 2695 835 2760; x_wconf 91' lang='lat' dir='ltr'>dubiam</span> <span class='ocrx_word' id='word_1_245' title='bbox 854 2695 977 2761; x_wconf 86' lang='lat' dir='ltr'>sectari.</span> <span class='ocrx_word' id='word_1_246' title='bbox 1014 2695 1051 2760; x_wconf 94' lang='lat' dir='ltr'>In</span> <span class='ocrx_word' id='word_1_247' title='bbox 1074 2696 1258 2779; x_wconf 72' lang='lat' dir='ltr'>imperfecto</span> <span class='ocrx_word' id='word_1_248' title='bbox 1281 2704 1388 2761; x_wconf 89' lang='lat' dir='ltr'>autern</span> <span class='ocrx_word' id='word_1_249' title='bbox 1411 2703 1551 2778; x_wconf 88' lang='lat' dir='ltr'>tempora</span> <span class='ocrx_word' id='word_1_250' title='bbox 1574 2695 1696 2780; x_wconf 75' lang='lat' dir='ltr'>(possa)</span> <span class='ocrx_word' id='word_1_251' title='bbox 1719 2719 1758 2765; x_wconf 93' lang='lat' dir='ltr'>ne</span> <span class='ocrx_word' id='word_1_252' title='bbox 1780 2698 1851 2780; x_wconf 87' lang='lat' dir='ltr'>quis</span> <span class='ocrx_word' id='word_1_253' title='bbox 1873 2697 2021 2783; x_wconf 88' lang='lat' dir='ltr'>offendat,</span> <span class='ocrx_word' id='word_1_254' title='bbox 2044 2698 2077 2764; x_wconf 92' lang='lat' dir='ltr'>id</span> 
     </span>
     <span class='ocr_line' id='line_1_22' title="bbox 341 2797 1383 2882; baseline -0.002 -18"><span class='ocrx_word' id='word_1_255' title='bbox 341 2798 384 2864; x_wconf 88' lang='lat' dir='ltr'>ad</span> <span class='ocrx_word' id='word_1_256' title='bbox 407 2798 584 2882; x_wconf 89' lang='lat' dir='ltr'>perfectum</span> <span class='ocrx_word' id='word_1_257' title='bbox 606 2801 757 2877; x_wconf 81' lang='lat' dir='ltr'>(maluerit)</span> <span class='ocrx_word' id='word_1_258' title='bbox 779 2797 977 2864; x_wconf 82' lang='lat' dir='ltr'>referendum</span> <span class='ocrx_word' id='word_1_259' title='bbox 1000 2805 1049 2864; x_wconf 92' lang='lat' dir='ltr'>cst</span> <span class='ocrx_word' id='word_1_260' title='bbox 1070 2798 1112 2863; x_wconf 88' lang='lat' dir='ltr'>ab</span> <span class='ocrx_word' id='word_1_261' title='bbox 1134 2819 1235 2880; x_wconf 90' lang='lat' dir='ltr'>coque</span> <span class='ocrx_word' id='word_1_262' title='bbox 1257 2799 1383 2882; x_wconf 82' lang='lat' dir='ltr'>regitur.</span> 
     </span>
    </p>
   </div>
   <div class='ocr_carea' id='block_1_4' title="bbox 762 3039 1571 3820">
    <p class='ocr_par' dir='ltr' id='par_1_4' title="bbox 762 3039 1536 3120">
     <span class='ocr_line' id='line_1_23' title="bbox 762 3039 1536 3120; baseline -0.001 -18"><span class='ocrx_word' id='word_1_263' title='bbox 762 3039 811 3102; x_wconf 77' lang='lat'>69.</span> <span class='ocrx_word' id='word_1_264' title='bbox 854 3043 904 3100; x_wconf 81' lang='lat' dir='ltr'>Ille</span> <span class='ocrx_word' id='word_1_265' title='bbox 925 3045 983 3102; x_wconf 83' lang='lat' dir='ltr'>iicet</span> <span class='ocrx_word' id='word_1_266' title='bbox 1008 3043 1119 3103; x_wconf 69' lang='lat' dir='ltr'>Cilicum</span> <span class='ocrx_word' id='word_1_267' title='bbox 1140 3047 1227 3103; x_wconf 76' lang='lat' dir='ltr'>uictas</span> <span class='ocrx_word' id='word_1_268' title='bbox 1247 3055 1314 3120; x_wconf 74' lang='lat' dir='ltr'>aqut</span> <span class='ocrx_word' id='word_1_269' title='bbox 1330 3055 1391 3103; x_wconf 80' lang='lat' dir='ltr'>autc</span> <span class='ocrx_word' id='word_1_270' title='bbox 1413 3053 1536 3103; x_wconf 81' lang='lat' dir='ltr'>cateruas</span> 
     </span>
    </p>

    <p class='ocr_par' dir='ltr' id='par_1_5' title="bbox 895 3145 1498 3223">
     <span class='ocr_line' id='line_1_24' title="bbox 895 3145 1498 3223; baseline 0.005 -22"><span class='ocrx_word' id='word_1_271' title='bbox 895 3145 985 3204; x_wconf 86' lang='lat' dir='ltr'>Ponat</span> <span class='ocrx_word' id='word_1_272' title='bbox 1006 3156 1031 3204; x_wconf 85' lang='lat' dir='ltr'>ct</span> <span class='ocrx_word' id='word_1_273' title='bbox 1052 3149 1078 3204; x_wconf 82' lang='lat' dir='ltr'>in</span> <span class='ocrx_word' id='word_1_274' title='bbox 1101 3157 1180 3223; x_wconf 81' lang='lat' dir='ltr'>capto</span> <span class='ocrx_word' id='word_1_275' title='bbox 1202 3147 1308 3204; x_wconf 81' lang='lat' dir='ltr'>dlurtia</span> <span class='ocrx_word' id='word_1_276' title='bbox 1330 3155 1422 3204; x_wconf 80' lang='lat' dir='ltr'>castra</span> <span class='ocrx_word' id='word_1_277' title='bbox 1443 3147 1498 3204; x_wconf 85' lang='lat' dir='ltr'>solo</span> 
     </span>
    </p>

    <p class='ocr_par' dir='ltr' id='par_1_6' title="bbox 857 3245 1499 3427">
     <span class='ocr_line' id='line_1_25' title="bbox 857 3245 1499 3324; baseline 0.003 -20"><span class='ocrx_word' id='word_1_278' title='bbox 857 3245 938 3304; x_wconf 81' lang='lat' dir='ltr'>Totus</span> <span class='ocrx_word' id='word_1_279' title='bbox 960 3257 983 3305; x_wconf 81' lang='lat' dir='ltr'>et</span> <span class='ocrx_word' id='word_1_280' title='bbox 1004 3257 1113 3324; x_wconf 68' lang='lat' dir='ltr'>arpenta</span> <span class='ocrx_word' id='word_1_281' title='bbox 1136 3258 1279 3318; x_wconf 74' lang='lat' dir='ltr'>contectus,</span> <span class='ocrx_word' id='word_1_282' title='bbox 1301 3257 1369 3308; x_wconf 80' lang='lat' dir='ltr'>totas</span> <span class='ocrx_word' id='word_1_283' title='bbox 1390 3259 1414 3307; x_wconf 84' lang='lat' dir='ltr'>ct</span> <span class='ocrx_word' id='word_1_284' title='bbox 1431 3268 1499 3306; x_wconf 83' lang='lat' dir='ltr'>auro</span> 
     </span>
     <span class='ocr_line' id='line_1_26' title="bbox 897 3349 1444 3427; baseline 0 -20"><span class='ocrx_word' id='word_1_285' title='bbox 897 3349 1018 3408; x_wconf 77' lang='lat' dir='ltr'>Insideat</span> <span class='ocrx_word' id='word_1_286' title='bbox 1040 3352 1121 3408; x_wconf 80' lang='lat' dir='ltr'>celeri</span> <span class='ocrx_word' id='word_1_287' title='bbox 1141 3352 1342 3427; x_wconf 77' lang='lat' dir='ltr'>conspiciendas</span> <span class='ocrx_word' id='word_1_288' title='bbox 1364 3369 1444 3426; x_wconf 82' lang='lat' dir='ltr'>equo.-</span> 
     </span>
    </p>

    <p class='ocr_par' dir='ltr' id='par_1_7' title="bbox 852 3452 1571 3632">
     <span class='ocr_line' id='line_1_27' title="bbox 852 3452 1571 3530; baseline 0.004 -22"><span class='ocrx_word' id='word_1_289' title='bbox 852 3452 915 3528; x_wconf 81' lang='lat' dir='ltr'>Ipce</span> <span class='ocrx_word' id='word_1_290' title='bbox 936 3452 1014 3510; x_wconf 83' lang='lat' dir='ltr'>boues</span> <span class='ocrx_word' id='word_1_291' title='bbox 1035 3471 1097 3511; x_wconf 82' lang='lat' dir='ltr'>mea</span> <span class='ocrx_word' id='word_1_292' title='bbox 1118 3457 1143 3510; x_wconf 84' lang='lat' dir='ltr'>si</span> <span class='ocrx_word' id='word_1_293' title='bbox 1162 3462 1248 3511; x_wconf 81' lang='lat' dir='ltr'>tecam</span> <span class='ocrx_word' id='word_1_294' title='bbox 1269 3455 1348 3511; x_wconf 84' lang='lat' dir='ltr'>modo</span> <span class='ocrx_word' id='word_1_295' title='bbox 1370 3453 1452 3512; x_wconf 79' lang='lat' dir='ltr'>Delia</span> <span class='ocrx_word' id='word_1_296' title='bbox 1469 3456 1571 3530; x_wconf 81' lang='lat' dir='ltr'>possim</span> 
     </span>
     <span class='ocr_line' id='line_1_28' title="bbox 896 3555 1546 3632; baseline 0.002 -21"><span class='ocrx_word' id='word_1_297' title='bbox 896 3555 1009 3630; x_wconf 77' lang='lat' dir='ltr'>[capere</span> <span class='ocrx_word' id='word_1_298' title='bbox 1030 3558 1196 3614; x_wconf 72' lang='lat' dir='ltr'>diarchia</span> <span class='ocrx_word' id='word_1_299' title='bbox 1213 3573 1329 3632; x_wconf 79' lang='lat' dir='ltr'>pascere</span> <span class='ocrx_word' id='word_1_300' title='bbox 1350 3565 1435 3614; x_wconf 75' lang='lat' dir='ltr'>monte</span> <span class='ocrx_word' id='word_1_301' title='bbox 1452 3574 1546 3632; x_wconf 74' lang='lat' dir='ltr'>pecata</span> 
     </span>
    </p>

    <p class='ocr_par' dir='ltr' id='par_1_8' title="bbox 850 3659 1525 3820">
     <span class='ocr_line' id='line_1_29' title="bbox 850 3659 1509 3718; baseline -0.005 -1"><span class='ocrx_word' id='word_1_302' title='bbox 850 3659 890 3718; x_wconf 86' lang='lat' dir='ltr'>Et</span> <span class='ocrx_word' id='word_1_303' title='bbox 911 3667 936 3717; x_wconf 84' lang='lat' dir='ltr'>tc</span> <span class='ocrx_word' id='word_1_304' title='bbox 957 3659 1021 3717; x_wconf 75' lang='lat' dir='ltr'>dcam</span> <span class='ocrx_word' id='word_1_305' title='bbox 1042 3661 1120 3717; x_wconf 75' lang='lat' dir='ltr'>licart</span> <span class='ocrx_word' id='word_1_306' title='bbox 1140 3661 1235 3716; x_wconf 71' lang='lat' dir='ltr'>caeru</span> <span class='ocrx_word' id='word_1_307' title='bbox 1256 3659 1366 3716; x_wconf 73' lang='lat' dir='ltr'>rainere</span> <span class='ocrx_word' id='word_1_308' title='bbox 1389 3660 1509 3716; x_wconf 73' lang='lat' dir='ltr'>dicertis:</span> 
     </span>
     <span class='ocr_line' id='line_1_30' title="bbox 894 3759 1525 3820; baseline 0.002 -2"><span class='ocrx_word' id='word_1_309' title='bbox 894 3763 986 3820; x_wconf 81' lang='lat' dir='ltr'>Mollia</span> <span class='ocrx_word' id='word_1_310' title='bbox 1007 3771 1033 3820; x_wconf 87' lang='lat' dir='ltr'>ct</span> <span class='ocrx_word' id='word_1_311' title='bbox 1052 3762 1152 3820; x_wconf 78' lang='lat' dir='ltr'>incultu</span> <span class='ocrx_word' id='word_1_312' title='bbox 1173 3763 1207 3818; x_wconf 83' lang='lat' dir='ltr'>ait</span> <span class='ocrx_word' id='word_1_313' title='bbox 1227 3759 1292 3818; x_wconf 76' lang='lat' dir='ltr'>miti</span> <span class='ocrx_word' id='word_1_314' title='bbox 1310 3780 1418 3819; x_wconf 81' lang='lat' dir='ltr'>somnus</span> <span class='ocrx_word' id='word_1_315' title='bbox 1438 3761 1525 3819; x_wconf 73' lang='lat' dir='ltr'>haimo.</span> 
     </span>
    </p>
   </div>
   <div class='ocr_carea' id='block_1_5' title="bbox 334 3924 2078 5346">
    <p class='ocr_par' dir='ltr' id='par_1_9' title="bbox 334 3924 2078 4831">
     <span class='ocr_line' id='line_1_31' title="bbox 468 3924 2078 4014; baseline 0.002 -22"><span class='ocrx_word' id='word_1_316' title='bbox 468 3929 529 3992; x_wconf 91' lang='lat' dir='ltr'>Pro</span> <span class='ocrx_word' id='word_1_317' title='bbox 543 3948 590 4010; x_wconf 92' lang='lat' dir='ltr'>eo,</span> <span class='ocrx_word' id='word_1_318' title='bbox 606 3926 691 4010; x_wconf 91' lang='lat' dir='ltr'>quod</span> <span class='ocrx_word' id='word_1_319' title='bbox 704 3926 830 4011; x_wconf 91' lang='lat' dir='ltr'>proprie</span> <span class='ocrx_word' id='word_1_320' title='bbox 846 3925 1015 3992; x_wconf 88' lang='lat' dir='ltr'>dicendum</span> <span class='ocrx_word' id='word_1_321' title='bbox 1029 3934 1110 3992; x_wconf 89' lang='lat' dir='ltr'>erat:</span> <span class='ocrx_word' id='word_1_322' title='bbox 1131 3925 1205 4010; x_wconf 88' lang='lat' dir='ltr'>„ille</span> <span class='ocrx_word' id='word_1_323' title='bbox 1220 3931 1252 3990; x_wconf 90' lang='lat' dir='ltr'>ct</span> <span class='ocrx_word' id='word_1_324' title='bbox 1265 3925 1418 3991; x_wconf 88' lang='lat' dir='ltr'>uictoriae</span> <span class='ocrx_word' id='word_1_325' title='bbox 1432 3924 1559 3990; x_wconf 90' lang='lat' dir='ltr'>laudem</span> <span class='ocrx_word' id='word_1_326' title='bbox 1572 3931 1603 3989; x_wconf 88' lang='lat' dir='ltr'>ct</span> <span class='ocrx_word' id='word_1_327' title='bbox 1617 3924 1774 3992; x_wconf 84' lang='lat' dir='ltr'>maximas</span> <span class='ocrx_word' id='word_1_328' title='bbox 1789 3947 1865 4012; x_wconf 89' lang='lat' dir='ltr'>opes</span> <span class='ocrx_word' id='word_1_329' title='bbox 1879 3937 2078 4014; x_wconf 87' lang='lat' dir='ltr'>assequatur,</span> 
     </span>
     <span class='ocr_line' id='line_1_32' title="bbox 340 4027 2078 4116; baseline -0.001 -16"><span class='ocrx_word' id='word_1_330' title='bbox 340 4053 409 4116; x_wconf 85' lang='lat' dir='ltr'>ego,</span> <span class='ocrx_word' id='word_1_331' title='bbox 434 4030 461 4096; x_wconf 86' lang='lat' dir='ltr'>si</span> <span class='ocrx_word' id='word_1_332' title='bbox 484 4029 578 4096; x_wconf 90' lang='lat' dir='ltr'>modo</span> <span class='ocrx_word' id='word_1_333' title='bbox 602 4037 707 4096; x_wconf 88' lang='lat' dir='ltr'>tecum</span> <span class='ocrx_word' id='word_1_334' title='bbox 730 4029 800 4110; x_wconf 88' lang='lat' dir='ltr'>sim,</span> <span class='ocrx_word' id='word_1_335' title='bbox 823 4029 927 4112; x_wconf 90' lang='lat' dir='ltr'>Delia,</span> <span class='ocrx_word' id='word_1_336' title='bbox 951 4028 1141 4111; x_wconf 89' lang='lat' dir='ltr'>lacertisque</span> <span class='ocrx_word' id='word_1_337' title='bbox 1162 4035 1194 4094; x_wconf 89' lang='lat' dir='ltr'>tc</span> <span class='ocrx_word' id='word_1_338' title='bbox 1216 4028 1378 4110; x_wconf 89' lang='lat' dir='ltr'>retineam,</span> <span class='ocrx_word' id='word_1_339' title='bbox 1402 4047 1460 4092; x_wconf 90' lang='lat' dir='ltr'>uec</span> <span class='ocrx_word' id='word_1_340' title='bbox 1483 4027 1581 4092; x_wconf 87' lang='lat' dir='ltr'>boues</span> <span class='ocrx_word' id='word_1_341' title='bbox 1604 4027 1734 4110; x_wconf 85' lang='lat' dir='ltr'>iungere</span> <span class='ocrx_word' id='word_1_342' title='bbox 1756 4036 1811 4095; x_wconf 90' lang='lat' dir='ltr'>aut</span> <span class='ocrx_word' id='word_1_343' title='bbox 1832 4051 1929 4115; x_wconf 89' lang='lat' dir='ltr'>pecus</span> <span class='ocrx_word' id='word_1_344' title='bbox 1947 4052 2078 4114; x_wconf 87' lang='lat' dir='ltr'>pascere</span> 
     </span>
     <span class='ocr_line' id='line_1_33' title="bbox 339 4130 2078 4218; baseline -0.001 -18"><span class='ocrx_word' id='word_1_345' title='bbox 339 4155 398 4202; x_wconf 89' lang='lat' dir='ltr'>nec</span> <span class='ocrx_word' id='word_1_346' title='bbox 417 4134 451 4198; x_wconf 92' lang='lat' dir='ltr'>in</span> <span class='ocrx_word' id='word_1_347' title='bbox 469 4133 551 4198; x_wconf 89' lang='lat' dir='ltr'>dura</span> <span class='ocrx_word' id='word_1_348' title='bbox 567 4131 662 4198; x_wconf 89' lang='lat' dir='ltr'>humo</span> <span class='ocrx_word' id='word_1_349' title='bbox 681 4151 827 4198; x_wconf 90' lang='lat' dir='ltr'>somnum</span> <span class='ocrx_word' id='word_1_350' title='bbox 846 4151 960 4215; x_wconf 88' lang='lat' dir='ltr'>capere</span> <span class='ocrx_word' id='word_1_351' title='bbox 978 4130 1205 4214; x_wconf 84' lang='lat' dir='ltr'>dedignabor“,</span> <span class='ocrx_word' id='word_1_352' title='bbox 1224 4131 1270 4196; x_wconf 94' lang='lat' dir='ltr'>ita</span> <span class='ocrx_word' id='word_1_353' title='bbox 1288 4131 1390 4196; x_wconf 91' lang='lat' dir='ltr'>oratio</span> <span class='ocrx_word' id='word_1_354' title='bbox 1413 4137 1533 4196; x_wconf 88' lang='lat' dir='ltr'>structa</span> <span class='ocrx_word' id='word_1_355' title='bbox 1551 4137 1608 4213; x_wconf 87' lang='lat' dir='ltr'>est,</span> <span class='ocrx_word' id='word_1_356' title='bbox 1628 4137 1662 4195; x_wconf 92' lang='lat' dir='ltr'>ut</span> <span class='ocrx_word' id='word_1_357' title='bbox 1680 4131 1776 4198; x_wconf 91' lang='lat' dir='ltr'>totius</span> <span class='ocrx_word' id='word_1_358' title='bbox 1790 4133 1913 4217; x_wconf 90' lang='lat' dir='ltr'>periodi</span> <span class='ocrx_word' id='word_1_359' title='bbox 1927 4134 2078 4218; x_wconf 88' lang='lat' dir='ltr'>apodosis</span> 
     </span>
     <span class='ocr_line' id='line_1_34' title="bbox 339 4231 2074 4320; baseline -0.001 -19"><span class='ocrx_word' id='word_1_360' title='bbox 339 4239 408 4318; x_wconf 69' lang='lat' dir='ltr'>(aare</span> <span class='ocrx_word' id='word_1_361' title='bbox 429 4242 508 4300; x_wconf 80' lang='lat' dir='ltr'>tanea</span> <span class='ocrx_word' id='word_1_362' title='bbox 529 4270 572 4280; x_wconf 96' lang='lat'>—</span> <span class='ocrx_word' id='word_1_363' title='bbox 593 4259 701 4298; x_wconf 79' lang='lat' dir='ltr'>comana</span> <span class='ocrx_word' id='word_1_364' title='bbox 721 4237 813 4314; x_wconf 82' lang='lat' dir='ltr'>hamo)</span> <span class='ocrx_word' id='word_1_365' title='bbox 841 4233 913 4320; x_wconf 89' lang='lat' dir='ltr'>ipsa</span> <span class='ocrx_word' id='word_1_366' title='bbox 939 4233 1167 4300; x_wconf 90' lang='lat' dir='ltr'>condicionalis</span> <span class='ocrx_word' id='word_1_367' title='bbox 1188 4232 1311 4319; x_wconf 89' lang='lat' dir='ltr'>periodi</span> <span class='ocrx_word' id='word_1_368' title='bbox 1334 4233 1367 4298; x_wconf 89' lang='lat' dir='ltr'>in</span> <span class='ocrx_word' id='word_1_369' title='bbox 1389 4231 1517 4298; x_wconf 91' lang='lat' dir='ltr'>modum</span> <span class='ocrx_word' id='word_1_370' title='bbox 1539 4233 1716 4319; x_wconf 86' lang='lat' dir='ltr'>composita</span> <span class='ocrx_word' id='word_1_371' title='bbox 1738 4233 1897 4320; x_wconf 89' lang='lat' dir='ltr'>duplicem</span> <span class='ocrx_word' id='word_1_372' title='bbox 1924 4237 2074 4302; x_wconf 82' lang='lat' dir='ltr'>exhibeat</span> 
     </span>
     <span class='ocr_line' id='line_1_35' title="bbox 339 4335 2071 4425; baseline -0.003 -21"><span class='ocrx_word' id='word_1_373' title='bbox 339 4338 483 4425; x_wconf 87' lang='lat' dir='ltr'>protasia</span> <span class='ocrx_word' id='word_1_374' title='bbox 506 4339 545 4414; x_wconf 69' lang='grc' dir='ltr'>(εἰ</span> <span class='ocrx_word' id='word_1_375' title='bbox 563 4351 648 4402; x_wconf 76' lang='lat' dir='ltr'>tecam</span> <span class='ocrx_word' id='word_1_376' title='bbox 670 4343 750 4400; x_wconf 67' lang='lat' dir='ltr'>inodo</span> <span class='ocrx_word' id='word_1_377' title='bbox 768 4345 872 4418; x_wconf 78' lang='lat' dir='ltr'>poesim</span> <span class='ocrx_word' id='word_1_378' title='bbox 893 4373 945 4418; x_wconf 93' lang='lat'>—,</span> <span class='ocrx_word' id='word_1_379' title='bbox 968 4343 1034 4401; x_wconf 79' lang='lat' dir='ltr'>dum</span> <span class='ocrx_word' id='word_1_380' title='bbox 1054 4350 1079 4400; x_wconf 78' lang='lat' dir='ltr'>tc</span> <span class='ocrx_word' id='word_1_381' title='bbox 1100 4345 1179 4401; x_wconf 78' lang='lat' dir='ltr'>liccat</span> <span class='ocrx_word' id='word_1_382' title='bbox 1200 4341 1269 4414; x_wconf 83' lang='lat'>—),</span> <span class='ocrx_word' id='word_1_383' title='bbox 1291 4336 1324 4400; x_wconf 92' lang='lat' dir='ltr'>iu</span> <span class='ocrx_word' id='word_1_384' title='bbox 1346 4355 1442 4420; x_wconf 90' lang='lat' dir='ltr'>quam</span> <span class='ocrx_word' id='word_1_385' title='bbox 1465 4355 1528 4401; x_wconf 93' lang='lat' dir='ltr'>non</span> <span class='ocrx_word' id='word_1_386' title='bbox 1550 4335 1620 4402; x_wconf 87' lang='lat' dir='ltr'>siue</span> <span class='ocrx_word' id='word_1_387' title='bbox 1642 4336 1772 4402; x_wconf 85' lang='lat' dir='ltr'>licentia</span> <span class='ocrx_word' id='word_1_388' title='bbox 1794 4335 1942 4422; x_wconf 90' lang='lat' dir='ltr'>quadam,</span> <span class='ocrx_word' id='word_1_389' title='bbox 1965 4347 2071 4404; x_wconf 91' lang='lat' dir='ltr'>tamen</span> 
     </span>
     <span class='ocr_line' id='line_1_36' title="bbox 338 4436 2073 4525; baseline -0.003 -19"><span class='ocrx_word' id='word_1_390' title='bbox 338 4461 402 4506; x_wconf 93' lang='lat' dir='ltr'>non</span> <span class='ocrx_word' id='word_1_391' title='bbox 439 4459 535 4524; x_wconf 89' lang='lat' dir='ltr'>supra</span> <span class='ocrx_word' id='word_1_392' title='bbox 561 4458 760 4504; x_wconf 88' lang='lat' dir='ltr'>communem</span> <span class='ocrx_word' id='word_1_393' title='bbox 791 4447 956 4523; x_wconf 89' lang='lat' dir='ltr'>poctamm</span> <span class='ocrx_word' id='word_1_394' title='bbox 992 4438 1154 4504; x_wconf 90' lang='lat' dir='ltr'>licentiam</span> <span class='ocrx_word' id='word_1_395' title='bbox 1180 4448 1283 4520; x_wconf 77' lang='lat' dir='ltr'>partim</span> <span class='ocrx_word' id='word_1_396' title='bbox 1313 4463 1404 4502; x_wconf 75' lang='lat' dir='ltr'>eoram</span> <span class='ocrx_word' id='word_1_397' title='bbox 1434 4445 1605 4523; x_wconf 89' lang='lat' dir='ltr'>pmeccpta</span> <span class='ocrx_word' id='word_1_398' title='bbox 1635 4446 1722 4518; x_wconf 91' lang='lat' dir='ltr'>sunt,</span> <span class='ocrx_word' id='word_1_399' title='bbox 1763 4458 1845 4520; x_wconf 89' lang='lat' dir='ltr'>quae</span> <span class='ocrx_word' id='word_1_400' title='bbox 1875 4439 2000 4525; x_wconf 88' lang='lat' dir='ltr'>proprie</span> <span class='ocrx_word' id='word_1_401' title='bbox 2030 4436 2073 4501; x_wconf 90' lang='lat' dir='ltr'>ad</span> 
     </span>
     <span class='ocr_line' id='line_1_37' title="bbox 339 4540 2075 4628; baseline -0.002 -20"><span class='ocrx_word' id='word_1_402' title='bbox 339 4540 496 4628; x_wconf 89' lang='lat' dir='ltr'>apodosin</span> <span class='ocrx_word' id='word_1_403' title='bbox 518 4549 609 4608; x_wconf 87' lang='lat' dir='ltr'>erant</span> <span class='ocrx_word' id='word_1_404' title='bbox 630 4541 805 4608; x_wconf 89' lang='lat' dir='ltr'>reicienda:</span> <span class='ocrx_word' id='word_1_405' title='bbox 837 4549 917 4606; x_wconf 74' lang='lat' dir='ltr'>boues</span> <span class='ocrx_word' id='word_1_406' title='bbox 937 4551 1046 4624; x_wconf 69' lang='lat' dir='ltr'>capae</span> <span class='ocrx_word' id='word_1_407' title='bbox 1077 4540 1201 4626; x_wconf 89' lang='lat' dir='ltr'>(oppos.</span> <span class='ocrx_word' id='word_1_408' title='bbox 1225 4561 1255 4606; x_wconf 92' lang='lat' dir='ltr'>u.</span> <span class='ocrx_word' id='word_1_409' title='bbox 1282 4542 1322 4606; x_wconf 75' lang='lat'>72</span> <span class='ocrx_word' id='word_1_410' title='bbox 1344 4548 1459 4606; x_wconf 68' lang='lat' dir='ltr'>badae</span> <span class='ocrx_word' id='word_1_411' title='bbox 1480 4550 1560 4606; x_wconf 76' lang='lat' dir='ltr'>ceteri</span> <span class='ocrx_word' id='word_1_412' title='bbox 1579 4546 1658 4622; x_wconf 66' lang='lat' dir='ltr'>eaeo)</span> <span class='ocrx_word' id='word_1_413' title='bbox 1689 4548 1721 4606; x_wconf 90' lang='lat' dir='ltr'>et</span> <span class='ocrx_word' id='word_1_414' title='bbox 1741 4567 1824 4624; x_wconf 59' lang='lat' dir='ltr'>aaa</span> <span class='ocrx_word' id='word_1_415' title='bbox 1844 4551 1871 4606; x_wconf 82' lang='lat' dir='ltr'>ia</span> <span class='ocrx_word' id='word_1_416' title='bbox 1893 4551 1968 4607; x_wconf 77' lang='lat' dir='ltr'>colito</span> <span class='ocrx_word' id='word_1_417' title='bbox 1989 4555 2075 4604; x_wconf 76' lang='lat' dir='ltr'>omna</span> 
     </span>
     <span class='ocr_line' id='line_1_38' title="bbox 334 4641 2074 4730; baseline -0.003 -19"><span class='ocrx_word' id='word_1_418' title='bbox 334 4669 451 4729; x_wconf 76' lang='lat' dir='ltr'>pascere</span> <span class='ocrx_word' id='word_1_419' title='bbox 473 4643 558 4730; x_wconf 90' lang='lat' dir='ltr'>(opp.</span> <span class='ocrx_word' id='word_1_420' title='bbox 583 4665 612 4710; x_wconf 90' lang='lat' dir='ltr'>u.</span> <span class='ocrx_word' id='word_1_421' title='bbox 637 4647 687 4712; x_wconf 80' lang='lat' dir='ltr'>to.</span> <span class='ocrx_word' id='word_1_422' title='bbox 711 4655 739 4710; x_wconf 85' lang='lat' dir='ltr'>in</span> <span class='ocrx_word' id='word_1_423' title='bbox 766 4661 845 4728; x_wconf 80' lang='lat' dir='ltr'>capto</span> <span class='ocrx_word' id='word_1_424' title='bbox 866 4653 921 4708; x_wconf 83' lang='lat' dir='ltr'>solo</span> <span class='ocrx_word' id='word_1_425' title='bbox 943 4660 1035 4709; x_wconf 77' lang='lat' dir='ltr'>casua</span> <span class='ocrx_word' id='word_1_426' title='bbox 1054 4645 1174 4726; x_wconf 72' lang='lat' dir='ltr'>ponere).</span> <span class='ocrx_word' id='word_1_427' title='bbox 1217 4643 1398 4710; x_wconf 86' lang='lat' dir='ltr'>Contortius</span> <span class='ocrx_word' id='word_1_428' title='bbox 1429 4663 1507 4710; x_wconf 89' lang='lat' dir='ltr'>sane</span> <span class='ocrx_word' id='word_1_429' title='bbox 1533 4651 1565 4708; x_wconf 92' lang='lat' dir='ltr'>et</span> <span class='ocrx_word' id='word_1_430' title='bbox 1586 4641 1748 4710; x_wconf 86' lang='lat' dir='ltr'>difficilius</span> <span class='ocrx_word' id='word_1_431' title='bbox 1779 4645 1878 4710; x_wconf 89' lang='lat' dir='ltr'>uerba</span> <span class='ocrx_word' id='word_1_432' title='bbox 1908 4642 2074 4724; x_wconf 89' lang='lat' dir='ltr'>collocata,</span> 
     </span>
     <span class='ocr_line' id='line_1_39' title="bbox 339 4745 1871 4831; baseline -0.003 -17"><span class='ocrx_word' id='word_1_433' title='bbox 339 4747 396 4814; x_wconf 89' lang='lat' dir='ltr'>sed</span> <span class='ocrx_word' id='word_1_434' title='bbox 419 4755 453 4814; x_wconf 89' lang='lat' dir='ltr'>ut</span> <span class='ocrx_word' id='word_1_435' title='bbox 475 4745 648 4814; x_wconf 85' lang='lat' dir='ltr'>dillicultas</span> <span class='ocrx_word' id='word_1_436' title='bbox 670 4747 839 4830; x_wconf 89' lang='lat' dir='ltr'>minuatur,</span> <span class='ocrx_word' id='word_1_437' title='bbox 863 4746 1004 4812; x_wconf 88' lang='lat' dir='ltr'>maxima</span> <span class='ocrx_word' id='word_1_438' title='bbox 1026 4746 1059 4810; x_wconf 91' lang='lat' dir='ltr'>ui</span> <span class='ocrx_word' id='word_1_439' title='bbox 1080 4746 1251 4831; x_wconf 90' lang='lat' dir='ltr'>pronuntia</span> <span class='ocrx_word' id='word_1_440' title='bbox 1273 4747 1306 4812; x_wconf 89' lang='lat' dir='ltr'>in</span> <span class='ocrx_word' id='word_1_441' title='bbox 1329 4746 1492 4812; x_wconf 90' lang='lat' dir='ltr'>recitando</span> <span class='ocrx_word' id='word_1_442' title='bbox 1515 4745 1609 4812; x_wconf 88' lang='lat' dir='ltr'>illud:</span> <span class='ocrx_word' id='word_1_443' title='bbox 1632 4755 1764 4812; x_wconf 72' lang='lat' dir='ltr'>aucam</span> <span class='ocrx_word' id='word_1_444' title='bbox 1783 4757 1871 4814; x_wconf 81' lang='lat' dir='ltr'>modo.</span> 
     </span>
    </p>

    <p class='ocr_par' dir='ltr' id='par_1_10' title="bbox 335 4847 2077 5346">
     <span class='ocr_line' id='line_1_40' title="bbox 491 4847 2074 4935; baseline -0.001 -20"><span class='ocrx_word' id='word_1_445' title='bbox 491 4849 556 4915; x_wconf 90' lang='lat' dir='ltr'>Sed</span> <span class='ocrx_word' id='word_1_446' title='bbox 578 4849 658 4914; x_wconf 91' lang='lat' dir='ltr'>haec</span> <span class='ocrx_word' id='word_1_447' title='bbox 680 4848 891 4914; x_wconf 88' lang='lat' dir='ltr'>scholasticae</span> <span class='ocrx_word' id='word_1_448' title='bbox 913 4848 1017 4932; x_wconf 83' lang='lat' dir='ltr'>magis</span> <span class='ocrx_word' id='word_1_449' title='bbox 1039 4847 1309 4934; x_wconf 89' lang='lat' dir='ltr'>interpretationis</span> <span class='ocrx_word' id='word_1_450' title='bbox 1332 4857 1417 4915; x_wconf 87' lang='lat' dir='ltr'>suut:</span> <span class='ocrx_word' id='word_1_451' title='bbox 1442 4849 1499 4915; x_wconf 91' lang='lat' dir='ltr'>illa</span> <span class='ocrx_word' id='word_1_452' title='bbox 1521 4870 1596 4916; x_wconf 88' lang='lat' dir='ltr'>uero</span> <span class='ocrx_word' id='word_1_453' title='bbox 1618 4849 1713 4916; x_wconf 89' lang='lat' dir='ltr'>huius</span> <span class='ocrx_word' id='word_1_454' title='bbox 1736 4851 1811 4935; x_wconf 87' lang='lat' dir='ltr'>loci,</span> <span class='ocrx_word' id='word_1_455' title='bbox 1835 4849 1890 4914; x_wconf 89' lang='lat' dir='ltr'>ubi</span> <span class='ocrx_word' id='word_1_456' title='bbox 1911 4868 1951 4914; x_wconf 89' lang='lat' dir='ltr'>ne</span> <span class='ocrx_word' id='word_1_457' title='bbox 1973 4848 2074 4914; x_wconf 89' lang='lat' dir='ltr'>minu·</span> 
     </span>
     <span class='ocr_line' id='line_1_41' title="bbox 337 4949 2073 5037; baseline -0.001 -20"><span class='ocrx_word' id='word_1_458' title='bbox 337 4953 400 5020; x_wconf 87' lang='lat' dir='ltr'>tias</span> <span class='ocrx_word' id='word_1_459' title='bbox 422 4953 550 5037; x_wconf 91' lang='lat' dir='ltr'>quidem</span> <span class='ocrx_word' id='word_1_460' title='bbox 572 4952 625 5017; x_wconf 91' lang='lat' dir='ltr'>ucl</span> <span class='ocrx_word' id='word_1_461' title='bbox 647 4949 828 5016; x_wconf 88' lang='lat' dir='ltr'>subtiliores</span> <span class='ocrx_word' id='word_1_462' title='bbox 846 4951 1043 5035; x_wconf 84' lang='lat' dir='ltr'>singulorum</span> <span class='ocrx_word' id='word_1_463' title='bbox 1065 4952 1233 5018; x_wconf 91' lang='lat' dir='ltr'>uerborum</span> <span class='ocrx_word' id='word_1_464' title='bbox 1252 4951 1491 5035; x_wconf 88' lang='lat' dir='ltr'>disquisitiones</span> <span class='ocrx_word' id='word_1_465' title='bbox 1509 4973 1588 5018; x_wconf 90' lang='lat' dir='ltr'>uaso</span> <span class='ocrx_word' id='word_1_466' title='bbox 1610 4953 1735 5019; x_wconf 89' lang='lat' dir='ltr'>adunco</span> <span class='ocrx_word' id='word_1_467' title='bbox 1758 4949 1950 5036; x_wconf 88' lang='lat' dir='ltr'>suspendere</span> <span class='ocrx_word' id='word_1_468' title='bbox 1968 4951 2073 5016; x_wconf 88' lang='lat' dir='ltr'>liceat.</span> 
     </span>
     <span class='ocr_line' id='line_1_42' title="bbox 337 5051 2076 5141; baseline -0.003 -19"><span class='ocrx_word' id='word_1_469' title='bbox 337 5056 402 5123; x_wconf 82' lang='lat' dir='ltr'>Cur</span> <span class='ocrx_word' id='word_1_470' title='bbox 427 5061 522 5120; x_wconf 78' lang='lat' dir='ltr'>Cilices</span> <span class='ocrx_word' id='word_1_471' title='bbox 543 5053 744 5140; x_wconf 91' lang='lat' dir='ltr'>potissimum</span> <span class='ocrx_word' id='word_1_472' title='bbox 766 5051 886 5119; x_wconf 78' lang='lat' dir='ltr'>lerneus</span> <span class='ocrx_word' id='word_1_473' title='bbox 917 5053 971 5120; x_wconf 89' lang='lat' dir='ltr'>illc</span> <span class='ocrx_word' id='word_1_474' title='bbox 997 5054 1092 5120; x_wconf 92' lang='lat' dir='ltr'>homo</span> <span class='ocrx_word' id='word_1_475' title='bbox 1123 5063 1173 5120; x_wconf 91' lang='lat' dir='ltr'>cst</span> <span class='ocrx_word' id='word_1_476' title='bbox 1200 5055 1323 5138; x_wconf 84' lang='lat' dir='ltr'>agens?</span> <span class='ocrx_word' id='word_1_477' title='bbox 1363 5054 1447 5118; x_wconf 87' lang='lat' dir='ltr'>Num</span> <span class='ocrx_word' id='word_1_478' title='bbox 1469 5054 1512 5120; x_wconf 90' lang='lat' dir='ltr'>ad</span> <span class='ocrx_word' id='word_1_479' title='bbox 1534 5056 1727 5141; x_wconf 87' lang='lat' dir='ltr'>triumphum</span> <span class='ocrx_word' id='word_1_480' title='bbox 1754 5051 1937 5119; x_wconf 77' lang='lat' dir='ltr'>referendus</span> <span class='ocrx_word' id='word_1_481' title='bbox 1959 5073 1989 5119; x_wconf 90' lang='lat' dir='ltr'>u.</span> <span class='ocrx_word' id='word_1_482' title='bbox 2014 5053 2076 5117; x_wconf 76' lang='lat'>72?</span> 
     </span>
     <span class='ocr_line' id='line_1_43' title="bbox 336 5155 2076 5241; baseline -0.003 -18"><span class='ocrx_word' id='word_1_483' title='bbox 336 5159 384 5224; x_wconf 87' lang='lat' dir='ltr'>Ac</span> <span class='ocrx_word' id='word_1_484' title='bbox 406 5158 524 5225; x_wconf 80' lang='lat' dir='ltr'>Cilices</span> <span class='ocrx_word' id='word_1_485' title='bbox 555 5155 682 5240; x_wconf 87' lang='lat' dir='ltr'>quidem</span> <span class='ocrx_word' id='word_1_486' title='bbox 709 5175 773 5220; x_wconf 93' lang='lat' dir='ltr'>non</span> <span class='ocrx_word' id='word_1_487' title='bbox 795 5164 963 5241; x_wconf 89' lang='lat' dir='ltr'>propterca</span> <span class='ocrx_word' id='word_1_488' title='bbox 993 5158 1231 5224; x_wconf 87' lang='lat' dir='ltr'>commemorati</span> <span class='ocrx_word' id='word_1_489' title='bbox 1258 5164 1349 5241; x_wconf 88' lang='lat' dir='ltr'>sunt,</span> <span class='ocrx_word' id='word_1_490' title='bbox 1382 5157 1467 5240; x_wconf 90' lang='lat' dir='ltr'>quod</span> <span class='ocrx_word' id='word_1_491' title='bbox 1488 5157 1641 5224; x_wconf 86' lang='lat' dir='ltr'>Messalla</span> <span class='ocrx_word' id='word_1_492' title='bbox 1670 5164 1746 5222; x_wconf 91' lang='lat' dir='ltr'>tunc</span> <span class='ocrx_word' id='word_1_493' title='bbox 1772 5175 1845 5221; x_wconf 91' lang='lat' dir='ltr'>cum</span> <span class='ocrx_word' id='word_1_494' title='bbox 1872 5156 1936 5222; x_wconf 91' lang='lat' dir='ltr'>illis</span> <span class='ocrx_word' id='word_1_495' title='bbox 1959 5157 2076 5222; x_wconf 90' lang='lat' dir='ltr'>bellum</span> 
     </span>
     <span class='ocr_line' id='line_1_44' title="bbox 335 5258 2077 5346; baseline -0.003 -19"><span class='ocrx_word' id='word_1_496' title='bbox 335 5261 445 5344; x_wconf 82' lang='lat' dir='ltr'>gessit,</span> <span class='ocrx_word' id='word_1_497' title='bbox 466 5261 522 5328; x_wconf 87' lang='lat' dir='ltr'>scd</span> <span class='ocrx_word' id='word_1_498' title='bbox 540 5267 704 5345; x_wconf 87' lang='lat' dir='ltr'>poctarum</span> <span class='ocrx_word' id='word_1_499' title='bbox 724 5279 811 5326; x_wconf 91' lang='lat' dir='ltr'>morc</span> <span class='ocrx_word' id='word_1_500' title='bbox 828 5281 885 5346; x_wconf 92' lang='lat' dir='ltr'>pro</span> <span class='ocrx_word' id='word_1_501' title='bbox 904 5267 969 5328; x_wconf 92' lang='lat' dir='ltr'>toto</span> <span class='ocrx_word' id='word_1_502' title='bbox 989 5261 1212 5328; x_wconf 88' lang='lat' dir='ltr'>bellicosamm</span> <span class='ocrx_word' id='word_1_503' title='bbox 1230 5259 1371 5343; x_wconf 85' lang='lat' dir='ltr'>gentium</span> <span class='ocrx_word' id='word_1_504' title='bbox 1386 5260 1539 5326; x_wconf 88' lang='lat' dir='ltr'>Romanis</span> <span class='ocrx_word' id='word_1_505' title='bbox 1557 5260 1744 5326; x_wconf 81' lang='lat' dir='ltr'>infestarum</span> <span class='ocrx_word' id='word_1_506' title='bbox 1762 5279 1878 5344; x_wconf 83' lang='lat' dir='ltr'>genere</span> <span class='ocrx_word' id='word_1_507' title='bbox 1897 5258 2077 5344; x_wconf 82' lang='lat' dir='ltr'>exemplum</span> 
     </span>
    </p>
   </div>
   <div class='ocr_carea' id='block_1_6' title="bbox 0 0 2382 5892">
    <p class='ocr_par' dir='ltr' id='par_1_11' title="bbox 0 0 2382 5892">
     <span class='ocr_line' id='line_1_45' title="bbox 0 0 2382 5892; baseline 0 2"><span class='ocrx_word' id='word_1_508' title='bbox 0 0 2382 5892; x_wconf 95' lang='lat' dir='ltr'> </span> 
     </span>
    </p>
   </div>
  </div>
 </body>
</html>
