4756 5892
1139 505 1159 569 9

1044 593 1247 602 ———-—-

282 715 392 798 oratio,
416 721 449 780 et
470 710 556 795 quod
578 709 666 795 prius
689 711 809 776 dictmn
832 716 892 776 est:
915 734 967 772 non
989 734 1037 792 epo
1058 717 1171 774 baedan'
1191 736 1268 781 atro.
1295 711 1323 776 si
1345 709 1495 776 adiuncto
1518 709 1666 775 noeatiuo
1688 709 1751 794 ipsi
1773 711 1885 777 Deliae
1907 711 2016 776 statim

280 817 468 902 applicatur,
499 832 563 896 quo
585 812 719 878 consilio
741 811 861 877 dietum
889 811 931 877 sit
953 811 1065 877 melius
1092 813 1310 896 perspicimus.
1355 813 1467 895 Neque
1488 832 1565 878 uero
1587 813 1758 894 quicquam
1779 815 1889 897 refert,
1921 814 2015 879 raris-

278 923 391 987 simam
413 937 485 984 esse
506 914 595 1000 apud
608 915 771 981 Tibullum
793 914 876 980 hanc
898 914 1074 980 hexametri
1092 935 1271 998 caesuram;
1295 935 1359 998 qua
1375 936 1419 998 re,
1442 915 1609 996 quominus
1627 922 1699 998 post
1721 917 1904 981 uocatiuum
1920 917 2016 982 inter·

278 1039 501 1108 pungeremus,
524 1027 591 1083 tum
613 1016 740 1114 demum
763 1016 1010 1100 prohiberemur,
1034 1017 1061 1083 si
1084 1017 1212 1082 unicum
1233 1017 1294 1083 hoc
1317 1025 1401 1084 esset
1423 1019 1491 1084 eius
1514 1038 1665 1084 caesurae
1687 1021 1876 1102 exemplum.

739 1259 790 1324 61.
834 1262 926 1322 maus
947 1273 971 1322 et
991 1283 1089 1322 arsaro
1105 1267 1223 1341 poeticam
1244 1284 1294 1336 me,
1315 1264 1407 1332 Delia,
1429 1265 1493 1322 lecto

888 1365 1019 1425 Tn‘sla'bua
1040 1376 1063 1424 et
1084 1369 1203 1426 ummo
1224 1369 1316 1424 oscula
1338 1369 1422 1424 mima
1444 1367 1530 1424 dabis.

437 1533 637 1599 Disaenius
655 1533 809 1618 explicat:
828 1539 907 1613 fleta
925 1550 948 1597 et
965 1560 1015 1610 ma
1036 1549 1065 1598 at
1082 1558 1130 1614 09⁰
1146 1549 1171 1596 te
1183 1540 1301 1596 maome
1314 1557 1406 1596 amore
1418 1541 1576 1614 empleaoa
1593 1532 1811 1599 Drcsselius
1829 1533 1863 1614 (l.
1874 1533 1894 1598 l.
1905 1554 1935 1618 p.
1949 1532 2018 1616 16):

254 1644 397 1712 ,ambis
418 1661 458 1700 me
479 1645 596 1718 possm
619 1652 642 1700 a
663 1645 755 1700 oscula
782 1643 867 1700 dale.
913 1635 1043 1701 Scilicet
1069 1633 1173 1701 neutri
1195 1650 1219 1698 et
1240 1633 1399 1717 particula
1425 1633 1506 1698 tanti
1532 1655 1603 1700 esse
1629 1635 1806 1715 uidebatur,
1830 1643 1865 1701 ut
1892 1657 1949 1720 pro
1967 1657 2016 1717 eo,

284 1759 373 1822 quem
396 1738 527 1819 obtinet,
552 1738 622 1804 loeo
645 1738 862 1820 respiceretur.
907 1737 1011 1816 Quam
1033 1738 1183 1802 iniuriam
1205 1756 1246 1802 ue
1266 1736 1411 1820 imiteris,
1435 1735 1481 1802 sic
1503 1757 1639 1822 expone:
1672 1736 1778 1802 Etiam
1801 1758 1911 1804 arsuro
1934 1739 2019 1804 lecto

281 1842 418 1925 positum
451 1861 502 1906 me
533 1839 639 1924 flebis,
671 1841 701 1905 h.
725 1861 752 1906 e.
776 1840 874 1906 etiam
900 1847 981 1922 tum,
1014 1861 1111 1923 quum
1133 1840 1166 1905 in
1189 1841 1271 1905 lecto
1293 1838 1419 1904 funebri
1440 1839 1564 1923 positus
1585 1860 1649 1904 ero.
1694 1839 1805 1906 Dices:
1837 1839 1935 1922 quid?
1962 1841 2018 1924 qui

280 1943 420 2010 nondum
442 1943 483 2009 de
504 1941 630 2010 fletibus
652 1943 776 2009 amicae
798 1943 923 2009 locutus
949 1950 1010 2028 est,
1042 1964 1105 2026 quo
1127 1943 1196 2009 iure
1222 1940 1336 2007 etiam
1363 1949 1435 2024 post
1461 1949 1593 2008 mortem
1615 1941 1752 2007 amicam
1775 1963 1809 2008 se
1831 1943 2017 2010 defleturam

279 2067 350 2114 esse
372 2045 472 2110 dicit?
494 2045 573 2129 Hoc,
596 2045 717 2130 opinor,
740 2046 816 2112 iure.
853 2044 986 2130 Optauit
1008 2047 1052 2128 (u.
1072 2049 1123 2112 59.
1142 2045 1208 2128 60),
1231 2051 1267 2109 ut
1284 2044 1431 2110 morienti
1453 2045 1515 2110 sibi
1533 2043 1661 2110 adesset
1679 2045 1788 2128 Delia;
1812 2045 1935 2129 (itaque
1953 2067 2018 2112 non

279 2157 347 2215 tam
373 2169 463 2215 suam
489 2147 523 2214 in
549 2169 658 2214 amore
683 2148 896 2214 constantiam
923 2148 1082 2233 promisit,
1114 2155 1149 2213 ut
1170 2145 1320 2213 Dissenio
1347 2146 1486 2228 uidetur,
1518 2167 1614 2229 quam
1640 2147 1726 2213 illins
1753 2147 1939 2214 fidelitatem
1961 2169 2015 2216 ex·

282 2251 418 2335 petiuit).
463 2251 544 2316 Tum
566 2251 659 2334 quasi
680 2250 783 2334 gradu
804 2251 930 2334 longius
953 2250 1162 2336 progreditur.
1208 2248 1315 2334 Optat,
1343 2256 1378 2314 ut
1400 2249 1498 2315 etiam
1521 2257 1655 2333 mortuo,
1679 2249 1713 2314 id
1735 2249 1820 2332 quod
1843 2272 1914 2317 raro
1937 2251 2019 2317 illud

281 2373 382 2436 genus
404 2353 660 2418 muliercularum
683 2353 716 2418 in
738 2361 905 2435 quaestum
928 2354 1104 2418 amantium
1126 2353 1241 2419 iecisse
1258 2351 1525 2444 putandae'sunt,
1548 2352 1683 2418 eundem
1706 2353 1768 2418 sibi
1786 2361 1926 2438 praestet
1948 2356 2018 2420 ani-

283 2476 367 2520 mum
391 2455 496 2520 lidum.
540 2457 610 2521 Hoc
632 2465 738 2522 autern
761 2456 890 2522 lieentia
912 2456 991 2522 satis
1013 2456 1078 2521 leui
1100 2456 1146 2520 ita
1167 2455 1273 2521 uerbis
1296 2455 1465 2538 expressit,
1488 2463 1524 2519 ut
1546 2475 1602 2538 pro
1624 2455 1696 2538 ipsa
1718 2454 1780 2521 lide
1802 2455 1876 2521 fidei
1899 2465 1931 2524 et
1952 2457 2019 2541 pie·

282 2559 356 2623 tatis
382 2559 415 2623 in
442 2559 551 2624 funere
578 2559 745 2624 sollemnia
776 2559 870 2643 signa
896 2559 1108 2642 substitueret,
1139 2558 1232 2624 fletus
1259 2566 1291 2623 et
1317 2557 1475 2623 lacrimas.
1520 2557 1562 2622 Vt
1593 2558 1705 2642 paucis
1732 2559 2018 2642 comprehendam:

282 2662 372 2744 „Non
392 2663 495 2728 solum
514 2662 660 2728 morienti
678 2662 767 2742 mihi,
790 2663 901 2745 inquit,
925 2661 1042 2728 amoris
1060 2661 1284 2727 documentum
1306 2667 1337 2726 te
1360 2681 1451 2744 spero
1474 2680 1544 2727 esse
1567 2660 1713 2726 daturam
1736 2661 1939 2746 assidentem,
1962 2661 2019 2728 sed

281 2765 377 2830 etiam
399 2772 522 2832 mortuo
540 2766 791 2854 lacrimantem“.

734 3007 782 3071 71.
826 3012 895 3068 Jem
915 3010 1036 3086 subrepet
1056 3013 1126 3068 bras
1156 3019 1240 3080 adas,
1266 3027 1314 3069 nee
1340 3027 1435 3068 amare
1461 3009 1568 3080 deceta

871 3113 970 3171 Dicere
990 3131 1038 3171 nee
1060 3131 1128 3171 euno
1150 3111 1294 3170 blondellus
1316 3114 1405 3188 capiti.

441 3283 531 3359 Capiti
550 3276 677 3343 datiuus
699 3300 741 3343 an
764 3287 850 3361 capite
871 3277 1032 3344 ablaticus
1055 3277 1280 3363 praeferendus
1307 3277 1350 3342 sit
1371 3276 1552 3359 ambigitur.
1588 3277 1672 3342 Nam
1694 3277 1779 3359 quod
1802 3279 1928 3344 tertium
1946 3300 2018 3362 pro-

282 3381 419 3462 positum
441 3389 499 3462 est,
523 3389 557 3446 ut
579 3390 662 3463 captiti
682 3401 739 3464 pro
761 3381 940 3463 antiquiore
958 3380 1094 3445 ablatiui
1116 3381 1219 3445 tbrma
1240 3379 1420 3461 haberetur,
1451 3379 1486 3444 id
1512 3379 1619 3444 nescio
1642 3401 1683 3444 an
1715 3381 1810 3446 liceat
1836 3382 2018 3466 explodere,

283 3483 538 3566 quandoquidem
560 3505 624 3548 non
646 3491 695 3548 est
716 3491 829 3568 poetae
852 3484 976 3549 malitia
1002 3483 1137 3567 bilingui
1159 3483 1193 3548 in
1220 3503 1357 3548 errorem
1384 3481 1557 3567 perducere
1575 3482 1717 3548 lectores.
1763 3482 1856 3561 Quod
1879 3483 2017 3569 lecisset,

284 3583 310 3645 si
341 3606 401 3666 quo
433 3587 504 3652 loco
531 3586 659 3652 datiuus
691 3587 771 3652 bene
802 3587 1013 3652 conueniebat
1043 3586 1228 3670 sententiae,
1269 3607 1307 3651 eo
1338 3585 1482 3650 obsoleta
1511 3583 1684 3650 earundem
1717 3585 1892 3652 litterarum
1914 3587 2018 3653 forma

282 3685 416 3751 ablatiui
437 3697 547 3754 contra
569 3711 688 3755 morem
711 3709 803 3756 suum
830 3709 906 3756 usus
933 3697 1024 3755 esset.
1062 3690 1124 3754 Per
1145 3689 1296 3754 librorum
1319 3687 1446 3770 quidem
1468 3707 1565 3752 manu
1587 3687 1775 3772 scriptorum
1797 3689 2018 3754 anctoritatem

282 3789 369 3872 optio
400 3792 490 3858 nobis
521 3792 610 3876 datu,
651 3813 710 3858 nee
740 3791 880 3858 metricis
911 3792 1032 3857 Tibulli
1063 3792 1239 3857 rationibus
1265 3791 1505 3855 alterumutrum
1537 3789 1729 3872 defenditur,
1770 3811 1867 3873 quum
1906 3801 2017 3875 penta-

282 3899 416 3958 metrum
442 3894 607 3979 trisyllabo
633 3897 790 3962 uocabulo
813 3896 846 3960 in
864 3895 992 3960 breuem
1011 3894 1155 3960 uocalem
1173 3901 1308 3960 exeunte
1325 3891 1473 3959 claudere
1491 3913 1673 3976 quanquam
1692 3915 1755 3959 non
1774 3894 1903 3978 saepius
1921 3915 2018 3976 quam

283 3997 388 4078 semel,
421 4002 528 4060 tamen
558 3999 656 4064 semel
678 3999 775 4081 idque
806 3996 918 4064 eodem
948 3997 1106 4062 uocabulo
1138 4006 1225 4078 capue
1246 4015 1343 4061 ausus
1366 3995 1419 4061 rit:
1452 3995 1493 4080 11,
1519 3999 1828 4078 18ptatacoronauo
1848 4012 1921 4060 stare
1939 4003 2018 4060 boae

284 4107 376 4177 capia
420 4099 490 4181 Age
512 4119 588 4182 ergo
614 4100 680 4165 alia
709 4099 872 4184 praesidia
902 4099 1205 4183 circumspiciamus.
1251 4099 1327 4165 Sine
1353 4099 1450 4165 dubio
1472 4098 1660 4181 exquisitior
1681 4105 1730 4164 est
1751 4097 1879 4164 datiuus
1901 4106 1933 4165 et
1954 4119 2018 4182 quo

282 4197 399 4264 sciolus
420 4201 539 4284 aliquis
560 4201 656 4266 facile
673 4201 715 4266 ad
737 4201 995 4268 commutandum
1013 4202 1152 4286 potuerit
1168 4201 1266 4284 allici,
1289 4222 1472 4284 quanquam
1494 4203 1597 4268 iustae
1619 4201 1802 4267 offensionis
1820 4201 1900 4266 nibil
1922 4201 2019 4268 habet

281 4307 313 4366 et
332 4327 383 4383 per·
402 4327 438 4376 se,
460 4311 494 4370 ut
515 4304 562 4370 ait
584 4304 761 4386 Disaenius,
784 4322 854 4370 reete
875 4313 973 4370 dicum
994 4330 1062 4370 cauo
1084 4313 1167 4388 copiti
1186 4312 1330 4369 mutuas
1352 4312 1441 4370 diem
1461 4314 1510 4382 sic,
1530 4321 1559 4369 ut
1580 4311 1705 4387 Propert-
1723 4311 1786 4382 lla,
1807 4315 1856 4382 10,
1879 4314 1919 4369 18
1937 4313 2018 4371 dieat:

281 4419 413 4468 elcanae
433 4415 522 4471 tesana
543 4415 636 4472 oscula
659 4413 737 4488 serre
758 4432 859 4472 comae.
906 4413 1016 4484 Tenum,
1046 4407 1150 4490 inquit
1180 4407 1274 4490 idem,
1305 4433 1375 4473 omre
1396 4415 1431 4472 de
1451 4433 1479 4472 oe
1509 4415 1623 4490 loqueum·
1647 4411 1675 4471 Τ
1672 4413 1767 4470 Mra
1788 4421 1812 4470 et
1833 4415 1906 4488 loqui
1934 4414 2017 4492 debet,

278 4516 383 4586 puellae
404 4531 468 4570 atero
488 4525 641 4575 amecurtem
656 4517 784 4590 ficturum
803 4519 892 4592 poeta
913 4510 1039 4575 adeam
1060 4517 1209 4591 significare
1230 4520 1296 4575 aeta
1317 4517 1402 4574 lata.
1444 4509 1514 4576 Hos
1537 4509 1620 4576 unde
1642 4508 1844 4574 Tibullianae
1867 4508 1922 4574 ille
1944 4510 2016 4575 sub-

281 4607 405 4674 tilitatis
436 4607 568 4676 nimium
598 4612 760 4678 studiosus
790 4612 1000 4696 inuestigator
1031 4612 1203 4696 collegerit,
1244 4612 1391 4696 equidem
1421 4633 1485 4678 non
1515 4612 1619 4677 uideo.
1680 4611 1781 4676 Immo
1812 4631 1888 4676 uero
1916 4609 1956 4678 de
1983 4631 2018 4678 se

282 4708 437 4793 simulque
467 4709 507 4776 de
538 4713 642 4779 amica
668 4715 815 4780 Tibullus
845 4715 986 4796 loquitur
1016 4715 1080 4780 iam
1111 4715 1187 4783 inde
1218 4737 1240 4782 a
1271 4735 1366 4782 uersu
1397 4717 1438 4781 69
1469 4725 1570 4780 sareu
1600 4724 1742 4795 iunpanna
1772 4739 1884 4778 amores.
1931 4720 2019 4778 Notio

282 4812 430 4896 intellege
446 4821 577 4898 subrepet,
592 4815 765 4894 noa‘decebit,
787 4828 855 4882 urta
871 4843 919 4882 noa
936 4823 1080 4881 blanditias
1098 4825 1193 4882 dcere.
1220 4819 1303 4882 Tum
1321 4817 1448 4883 demum
1467 4817 1511 4900 (u.
1532 4819 1581 4882 73.
1602 4815 1657 4900 74)
1675 4816 1831 4900 paulatim
1845 4815 1960 4880 transit
1974 4815 2017 4880 ad

281 4934 315 4979 se
333 4915 443 4980 solnm.
458 4918 556 4982 -At
574 4918 683 4984 rustici
700 4927 749 4985 est
770 4927 801 4986 et
823 4919 971 4985 inurbani
993 4919 1130 4986 hominis
1148 4921 1275 5005 puellae
1291 4921 1431 4986 suturam
1454 4919 1606 4986 canitiem
1628 4919 1661 4984 in
1683 4927 1820 4984 mentem
1839 4915 1964 4984 uocare.
1975 4955 2017 4963 -

279 5017 322 5082 nt
345 5037 463 5103 uereor,
481 5041 521 5087 ne
543 5027 671 5087 nostrae
692 5023 795 5107 magis
817 5023 934 5089 aetatis
956 5022 1033 5089 belli
1054 5023 1199 5090 homines
1221 5025 1267 5089 ita
1289 5024 1436 5089 sentiant.
1482 5023 1574 5089 Certe
1596 5021 1758 5086 Tibullum
1780 5041 1801 5086 a
1819 5021 1876 5086 tali
1894 5020 2016 5105 simpli-

280 5122 377 5188 citate
399 5145 462 5188 non
485 5127 688 5194 abhorruisse
710 5137 846 5212 apparet
867 5149 907 5194 ex
929 5129 954 5211 I,
978 5131 1008 5212 b,
1031 5131 1073 5193 86
1095 5153 1156 5206 noa,
1181 5133 1276 5202 Delta,
1307 5137 1408 5190 amans
1438 5133 1586 5208 cumptum
1609 5151 1679 5190 cana
1699 5134 1782 5188 amus
1801 5139 1911 5204 aterque
1932 5148 2019 5188 coma.

279 5225 326 5290 Ac
356 5247 397 5292 ne
424 5227 503 5292 illud
529 5230 657 5312 quidem
684 5231 931 5316 neglegendum,
964 5231 1048 5314 quod
1076 5237 1229 5314 quantum
1256 5229 1419 5295 amatoriis
1442 5227 1526 5294 ludis
1553 5226 1716 5292 immorari
1746 5224 1900 5291 dedeceat
1927 5243 2015 5290 sene-

280 5335 414 5412 scentes,
437 5329 627 5400 luculentius
650 5341 723 5399 ante
746 5335 856 5400 oculos
878 5334 1006 5418 ponitur
1028 5339 1264 5418 repraesentato
1291 5351 1345 5414 eo,
1378 5331 1432 5413 qui
1455 5330 1547 5396 senili
1570 5329 1695 5414 corpori
1717 5327 1888 5411 blanditur,
1920 5347 2016 5409 quam

1608 5448 1624 5500 2
