4756 5892
1148 523 1187 586 13

456 724 620 807 „Simulac
640 733 748 790 autem
769 725 935 810 irrepsere,
958 725 1106 794 defendet
1127 747 1178 792 ure
1195 727 1302 792 Venus
1324 725 1366 790 ab
1388 725 1437 806 iis,
1460 745 1543 808 qnae
1564 725 1650 789 intus
1668 723 1842 806 imminent,
1865 743 1886 788 a
1903 722 2038 807 uigilum

297 837 330 895 et
349 828 545 895 curiosorum
567 826 729 893 hominum
751 827 995 894 domesticorum
1018 829 1290 914 exploratiouibus
1321 834 1352 894 et
1383 825 1541 893 indiciis“.
1586 824 1680 905 Quod
1707 825 1836 909 quidem
1858 825 1965 891 uerbis
1988 826 2036 892 sic

297 951 482 1016 expressum
505 937 568 997 est:
591 937 703 996 Porcia
722 937 944 996 ambureret.

761 1188 811 1253 63.
856 1193 897 1252 Ee
918 1213 960 1251 mc
980 1196 1104 1253 lustravit
1125 1195 1220 1266 tarda,
1243 1204 1266 1252 et
1287 1205 1362 1253 nocte
1383 1212 1477 1252 saeua

906 1295 1027 1355 Concidit
1048 1299 1089 1355 ad
1108 1300 1228 1374 tropicos
1248 1295 1334 1354 bestia
1351 1297 1430 1372 pulla
1453 1297 1524 1354 deos.

859 1397 923 1456 Non
945 1409 1082 1473 epulabar
1103 1399 1203 1458 abesset
1223 1417 1310 1470 atuor,
1330 1398 1381 1456 aed
1400 1407 1506 1458 coaluus
1528 1407 1600 1470 asad,

906 1500 1036 1574 Orabam,
1057 1521 1106 1560 nac
1127 1511 1248 1578 tepora
1270 1519 1363 1560 carere
1382 1502 1469 1560 adim.

455 1666 544 1732 Haec
562 1666 607 1732 ita
626 1665 781 1749 accipias:
802 1665 895 1748 „Non
913 1671 1037 1730 tanturn
1054 1667 1194 1732 cannino
1212 1665 1256 1730 ad
1268 1665 1491 1749 decipiendum
1507 1664 1674 1749 coniugem
1688 1663 1812 1731 efficaci
1824 1683 1875 1729 me
1888 1661 2037 1729 instruxit

301 1791 388 1854 saga,
413 1769 589 1835 sedetiam
620 1787 760 1834 amorem
791 1787 896 1832 meum
927 1768 1050 1834 soluere
1081 1789 1116 1834 se
1145 1789 1240 1852 posse
1270 1767 1415 1852 pmlessa
1437 1773 1494 1833 est.
1539 1767 1580 1832 Et
1601 1766 1730 1850 qnidam
1753 1765 1915 1851 magicum
1937 1765 2033 1832 sacri-

297 1871 404 1938 ficium
434 1872 499 1936 iam
530 1870 711 1937 instituerat
740 1889 867 1954 meque,
899 1877 934 1934 ut
964 1877 1032 1936 arte
1063 1891 1122 1936 sua
1152 1891 1260 1937 amore
1283 1871 1445 1952 liberaret,
1477 1870 1613 1935 lustrare
1644 1877 1806 1953 coeperat,
1838 1889 1935 1952 quum
1966 1867 2035 1952 ipse

297 1975 407 2042 obstiti
432 1981 464 2040 et
490 1973 637 2056 quamuis
659 1973 776 2038 amoris
799 1971 942 2038 cruciatu
963 1973 1066 2038 leuari
1087 1993 1251 2056 cuperem,
1283 1979 1389 2038 tamen
1421 1972 1524 2055 oraui,
1556 1979 1591 2036 ut
1621 1992 1685 2036 ncrr
1716 1971 1856 2037 demeret
1885 1990 2035 2050 amorem,

298 2079 357 2145 sed
380 2084 523 2143 mutuum
546 2075 721 2142 redderet.“
756 2077 815 2142 His
833 2083 940 2141 autem
962 2076 1196 2142 commonelieri
1217 2077 1286 2142 uult
1307 2083 1403 2160 poeta
1429 2075 1566 2157 Deliam,
1589 2081 1620 2140 et
1642 2095 1738 2158 quam
1760 2079 1942 2140 constanter
1967 2073 2036 2156 ipse

296 2180 509 2264 perseuerarit
539 2181 572 2244 in
603 2199 711 2245 amore
742 2186 774 2244 et
805 2199 901 2262 quarn
933 2199 1031 2262 prope
1062 2179 1217 2256 abfuerit,
1249 2185 1284 2244 ut
1314 2179 1371 2244 illa
1402 2185 1543 2244 amatore
1565 2198 1623 2244 sno
1645 2177 1833 2260 priuaretur.
1878 2175 2036 2254 Quocirca

299 2291 423 2364 causat,
446 2303 486 2348 nc
508 2281 638 2348 leuitate
660 2281 760 2348 animi
781 2287 838 2347 aut
859 2282 1009 2364 superbia
1032 2301 1104 2348 curn
1122 2280 1231 2346 laedat
1253 2287 1284 2347 et
1306 2281 1416 2362 irritet,
1439 2281 1494 2363 qui
1511 2287 1577 2346 tam
1595 2281 1690 2346 facile
1709 2281 1810 2364 possit
1827 2279 1909 2344 illud
1926 2279 2036 2363 iugum

300 2391 458 2451 excutere.

762 2607 814 2671 67.
859 2611 978 2670 Ferreus
998 2613 1041 2670 ibe
1060 2613 1120 2685 fab,
1142 2616 1189 2688 qar'
1207 2623 1232 2671 tc
1252 2633 1334 2690 quum
1354 2621 1442 2690 posset
1461 2612 1565 2684 babere,

901 2715 1032 2772 dlaluait
1048 2715 1172 2792 praedas
1192 2717 1285 2773 ababuc
1307 2724 1331 2773 st
1351 2733 1431 2773 canc
1452 2717 1532 2790 scqrur'.

451 2883 530 2946 Tros
552 2880 692 2949 rationes
714 2878 757 2944 ad
779 2878 980 2945 enodandum
1003 2878 1088 2944 lrunc
1110 2879 1214 2944 locum
1241 2878 1452 2946 difficiliorem
1474 2878 1656 2964 propositae
1678 2885 1814 2962 exstant,
1841 2883 1876 2943 ut
1898 2885 2036 2962 praeter-

300 2986 424 3050 mittam
447 2991 479 3050 et
500 2985 569 3049 Ios.
594 2982 784 3067 Scaligeri
806 3003 870 3047 non
891 2982 996 3047 minus
1019 2980 1158 3046 audaces
1181 3002 1277 3064 quam
1299 2982 1463 3066 ingeniose
1486 2982 1684 3065 excogitatos
1707 2981 1804 3062 lusus,
1827 2982 2037 3066 transpositos

298 3087 370 3154 dico
392 3106 503 3153 uersus
525 3088 652 3152 ott-'80
673 3087 707 3150 in
730 3086 879 3168 primam,
907 3104 938 3148 u.
961 3086 1110 3150 81-100
1132 3084 1165 3148 in
1188 3085 1331 3168 quintam
1353 3083 1446 3150 lruius
1468 3085 1542 3150 libri
1565 3083 1714 3168 elegiam,
1747 3091 1778 3149 et
1800 3084 1824 3148 1.
1849 3084 1887 3148 Η.
1907 3083 2037 3150 Vossii

298 3191 338 3256 dc
362 3189 537 3255 diuidenda
558 3189 618 3254 hoc
641 3189 712 3253 loeo
735 3187 768 3252 irr
791 3186 853 3252 duo
877 3185 1020 3252 carmina
1042 3185 1147 3270 elegia
1168 3187 1350 3270 opinionem
1368 3188 1477 3269 utique
1494 3185 1737 3270 improbabilem
1762 3193 1794 3252 et
1815 3185 2036 3270 respuendam.

297 3293 406 3360 Prima
425 3313 500 3377 pars
518 3299 566 3358 est
588 3311 706 3372 corum,
730 3290 785 3373 qui
804 3297 928 3370 sorsum
949 3297 1032 3364 idum
1055 3309 1148 3372 quem
1170 3297 1265 3375 poeta
1286 3310 1316 3355 n.
1336 3293 1377 3356 67
1401 3291 1583 3372 insectatur,
1606 3289 1711 3372 ipsum
1733 3288 1847 3354 Deliae
1870 3287 2037 3372 coniugem

296 3417 367 3465 esse
389 3401 543 3478 statuunt,
566 3401 601 3459 ut
623 3393 817 3478 Gruppius
839 3398 880 3474 et,
904 3390 958 3474 qui
980 3391 1159 3475 nuperrime
1181 3391 1255 3456 lruic
1278 3393 1324 3458 rei
1345 3413 1475 3478 operam
1501 3391 1644 3473 nauauit,
1668 3390 1841 3457 Seilerus
1864 3389 1910 3474 (in
1929 3391 2037 3456 libello

298 3497 482 3582 gratulandi
501 3517 600 3562 causa
623 3495 665 3561 ad
682 3494 936 3578 Bernhardyinm
954 3515 974 3558 a
991 3495 1101 3560 semin.
1121 3495 1271 3579 philolog.
1289 3495 1439 3561 Halcnsis
1458 3494 1621 3560 sodalibus
1640 3493 1715 3560 dato
1735 3515 1764 3559 a.
1786 3493 1891 3576 1872).
1928 3495 2037 3578 Ipsum

302 3603 467 3685 coniugem
495 3599 585 3666 illum
608 3619 678 3665 csse
700 3597 888 3663 credamus?
932 3597 1017 3680 Ergo
1040 3597 1156 3681 omnia,
1180 3597 1214 3662 in
1236 3597 1351 3680 quibus
1373 3618 1462 3682 spem
1484 3595 1720 3682 recuperandae
1742 3597 1869 3681 puellae
1891 3597 2037 3679 collocat,

300 3709 396 3787 poeta
412 3704 514 3770 fusius
532 3703 674 3788 exponit:
695 3702 873 3768 absentiam
892 3699 1007 3782 mariti,
1027 3721 1091 3783 qua
1108 3700 1279 3785 praecipue
1297 3699 1391 3765 debet
1409 3698 1576 3782 confidere,
1595 3719 1635 3764 ne
1649 3699 1746 3763 uerbo
1762 3697 1890 3782 quidem
1906 3700 2037 3782 tanget?

298 3804 432 3869 Maritus
461 3806 494 3869 in
525 3805 738 3871 remotissima
769 3803 895 3888 imperii
925 3803 1054 3886 regione
1087 3803 1217 3886 militat,
1250 3802 1390 3887 praedae
1416 3808 1540 3867 tanturn
1569 3807 1600 3866 et
1617 3800 1751 3866 bellicae
1775 3799 1863 3865 laudi
1884 3801 2037 3866 intentus:

298 3905 426 3972 adulter
447 3905 489 3970 ad
511 3927 640 3973 uxorem
667 3927 702 3972 se
728 3906 890 3971 insinuare
913 3905 1044 3990 cupiens
1072 3905 1106 3968 id
1128 3911 1203 3970 ante
1225 3905 1333 3970 omnia
1355 3905 1493 3988 curabit,
1528 3925 1568 3970 ne
1590 3904 1678 3969 fraus
1704 3924 1764 3970 sua
1786 3903 1834 3967 illi
1856 3903 2039 3986 aperiatur?

301 4009 418 4075 Credat
441 4007 578 4074 Iudaeus
599 4010 723 4095 Apella,
747 4029 810 4076 non
832 4027 901 4091 ego.

453 4111 553 4177 Multo
585 4133 662 4176 sane
688 4110 877 4195 speciosius,
914 4109 1000 4192 quod
1021 4109 1231 4190 Huschklo,
1263 4110 1432 4193 Riglero,
1456 4111 1646 4194 Dissenio,
1686 4109 1759 4175 aliis
1786 4108 1954 4192 probatum
1980 4117 2037 4192 est,

300 4213 355 4296 qui
383 4214 422 4280 de
449 4213 585 4299 pristino
607 4212 720 4278 Deliae
750 4220 892 4278 amatore
923 4212 1010 4295 loqui
1036 4217 1164 4295 poetam
1192 4212 1388 4295 existimant,
1421 4220 1497 4278 tunc
1518 4212 1644 4279 deserta
1670 4211 1775 4277 amica
1796 4211 1839 4276 ad
1860 4211 1979 4276 bellurn
2006 4211 2039 4276 irr

299 4315 460 4382 Orientem
487 4316 640 4402 profacto.
678 4316 795 4381 Verum
821 4337 862 4382 ne
883 4315 924 4380 iis
946 4313 1074 4397 quidem
1096 4315 1260 4398 astipulor.
1297 4315 1415 4381 Contra
1438 4336 1517 4399 quos
1538 4336 1602 4381 uon
1624 4315 1726 4382 solum
1748 4313 1940 4379 monendum
1962 4313 2041 4378 milri

298 4417 435 4500 uidetur,
454 4419 539 4499 quod
557 4417 804 4484 uuuruSeilcrus
822 4418 920 4500 effert,
939 4418 968 4483 si
986 4417 1081 4483 Delia
1099 4425 1226 4501 praeter
1235 4417 1397 4484 Tibullum
1416 4419 1512 4483 ctiam
1527 4418 1625 4483 alium
1640 4417 1779 4500 aliquem
1794 4421 1968 4481 amatorem
1982 4414 2039 4480 ad·

298 4521 447 4602 misisset,
466 4529 593 4604 poetam
610 4518 777 4606 perfidiam
795 4527 827 4586 et
845 4519 1007 4586 lenitatem
1025 4520 1151 4604 puellae
1170 4527 1354 4602 questurum
1367 4521 1475 4604 luisse,
1495 4541 1678 4603 quanquam
1692 4525 1724 4585 ct
1738 4519 1817 4585 haec
1834 4539 1884 4584 res
1900 4519 1965 4583 uim
1980 4519 2038 4584 ali-

301 4643 394 4704 quam
413 4623 523 4704 habet3
546 4624 604 4690 sed
620 4625 720 4690 multo
739 4625 870 4708 grauius
887 4625 968 4689 illud
984 4631 1071 4710 puto.
1093 4623 1243 4688 Alienum
1259 4631 1309 4690 est
1326 4625 1482 4689 a'Pibullo
1501 4622 1535 4688 id
1553 4622 1755 4688 obscuritatis
1765 4621 1914 4704 studium,
1933 4621 2039 4686 aliena

302 4744 341 4788 ea
356 4726 523 4793 breuitatis
541 4727 710 4810 affectatio,
733 4735 768 4794 ut
790 4749 869 4810 qnos
892 4727 1035 4793 homines
1057 4727 1090 4791 irr
1113 4726 1180 4792 uita
1203 4733 1234 4792 et
1255 4727 1416 4792 amoribus
1435 4727 1501 4792 suis
1519 4726 1669 4808 attigerit,
1693 4725 1810 4790 riuales
1828 4725 1976 4806 maxime,
2005 4725 2038 4788 in

303 4831 494 4897 carminibus
513 4829 647 4896 strictim
665 4833 767 4898 solum
785 4839 817 4896 et
838 4839 990 4914 tanquam
1003 4829 1198 4914 praeteriens
1216 4829 1354 4912 attingat
1366 4848 1598 4914 personamque
1615 4827 1708 4910 quasi
1721 4827 1755 4892 in
1770 4847 1898 4893 scenam
1913 4825 2039 4911 prodire

302 4928 419 5014 iubeat,
437 4953 519 5015 qnae
543 4931 675 4998 uixdum
697 4941 828 5017 aspecta
851 4941 883 4999 et
905 4953 968 4998 non
990 4933 1071 4998 satis
1094 4932 1223 5016 cognita
1240 4933 1348 4998 statim
1367 4929 1406 4997 de
1424 4932 1556 5016 pulpitis
1574 4929 1709 4996 decedat
1726 4949 1829 5012 neque
1847 4949 1988 5012 unquam
2006 4929 2039 4993 in

302 5043 504 5117 conspectum
527 5035 646 5102 redeat.
683 5037 795 5120 Apage
814 5037 946 5102 riualem
964 5035 1060 5102 istum
1078 5056 1207 5120 prorsus
1224 5035 1378 5118 ignotum,
1402 5034 1589 5099 nebulosum
1607 5032 1776 5114 hominem,
1799 5051 1893 5114 quem
1912 5030 2039 5097 omnino

301 5155 365 5200 non
386 5136 483 5203 luisse
504 5141 586 5205 iuter
603 5139 754 5204 mortales
777 5139 957 5224 suspiceris,
990 5139 1047 5204 scd
1067 5158 1125 5222 pro
1148 5138 1218 5202 loco
1241 5137 1349 5202 lictum
1371 5158 1450 5218 esse,
1463 5131 1470 5146 ‘
1483 5143 1517 5200 ut
1539 5133 1670 5201 haberet
1701 5141 1805 5219 poeta,
1837 5155 1974 5218 quocum
2005 5155 2039 5199 se

299 5237 404 5321 ipsum
435 5241 550 5306 amoris
586 5249 730 5308 tenacem
763 5243 927 5308 conferret.
990 5241 1061 5306 Vna
1091 5239 1280 5322 relinquitur
1311 5238 1493 5324 explicandi
1534 5239 1628 5320 ratio,
1670 5257 1766 5319 quam
1797 5237 1960 5321 ingressus
1992 5243 2040 5301 est

299 5339 485 5426 Heynius,
509 5349 543 5407 ut
565 5343 644 5412 haec
666 5365 730 5410 uon
753 5343 793 5410 de
815 5351 900 5411 certo
923 5343 1031 5426 aliquo
1053 5342 1181 5408 homine
1200 5343 1409 5424 accipiamus,
1433 5342 1490 5408 sed
1507 5341 1643 5408 ferreum
1661 5341 1751 5404 illum
1766 5360 1823 5423 pro
1841 5357 2041 5421 quocumque
