4756 5892
1192 452 1212 514 8

747 657 798 722 49.
843 661 905 720 Hoc
927 661 992 719 miii
1012 664 1160 736 eommpot:
1180 663 1216 719 sit
1236 663 1311 720 diues
1333 665 1398 734 iure,
1414 663 1540 736 sar-crem

890 763 944 833 Qui
963 767 1048 822 maris
1069 773 1093 822 et
1113 767 1199 822 teretes
1216 767 1292 836 serre
1310 775 1395 842 potest
1411 767 1530 842 manias.

483 928 546 1007 Qui
567 930 600 994 in
623 929 683 995 hoc
705 930 775 994 loco
798 927 996 994 offenderunt
1017 935 1049 994 et
1070 953 1133 992 nere
1154 949 1211 1012 pro
1234 938 1291 994 iure
1312 929 1363 995 uel
1380 936 1457 1010 serre
1479 929 1530 994 uel
1553 937 1620 993 aare
1642 928 1844 995 scribendum
1867 930 2070 998 coniecerunt

330 1031 383 1097 uel
406 1030 452 1096 ita
475 1031 777 1116 interpungendum:
818 1039 880 1096 Hoc
901 1038 967 1094 meti
992 1039 1135 1110 contingat.
1158 1036 1214 1096 Sit:
1244 1039 1320 1095 dora
1344 1041 1402 1096 iure
1423 1067 1466 1077 —
1489 1031 1682 1114 (nominatos
1713 1031 1788 1098 uide
1815 1030 1902 1116 apud
1924 1033 1959 1097 L.
1983 1034 2072 1099 Mull.

328 1153 359 1216 p.
382 1132 472 1217 XVI)
495 1133 519 1198 ii
540 1133 621 1200 haec
642 1135 709 1200 l'cre
731 1141 896 1218 reputasse
914 1129 1071 1198 uidentur.
1108 1133 1173 1197 Aut
1194 1142 1252 1197 iare
1274 1141 1348 1212 dices
1370 1149 1408 1198 aar
1429 1140 1485 1198 aut
1506 1143 1540 1198 stt
1562 1141 1639 1198 diaes
1665 1134 1783 1200 omisso
1806 1143 1863 1198 iure
1879 1142 1965 1200 recte
1984 1135 2070 1202 diea-

328 1243 388 1301 tur.
432 1236 471 1300 In
492 1236 563 1321 ipso
586 1237 670 1302 enim
692 1237 904 1318 coniunctiuo,
937 1235 992 1318 qui
1014 1234 1209 1301 concedendi
1235 1236 1301 1301 uim
1326 1235 1436 1318 habet,
1468 1235 1502 1300 id
1523 1237 1615 1319 inest,
1647 1244 1682 1302 ut
1704 1237 1762 1302 ius
1785 1235 1970 1302 diuitiarum
1994 1259 2064 1304 con·

328 1337 468 1403 cedatur.
505 1339 678 1404 Potentiali
699 1347 816 1422 autern,
839 1359 933 1420 quem
955 1345 1082 1422 uocant,
1106 1359 1200 1403 sensu
1227 1339 1395 1421 quominus
1414 1339 1651 1405 coniunctiuum
1669 1339 1892 1423 intellegamus
1914 1334 2067 1418 (δικαίως

331 1433 373 1504 ἂν
391 1433 443 1526 εἴη
463 1435 655 1526 πλούσιος),
680 1462 777 1525 quum
799 1441 873 1506 aliis
895 1441 988 1506 rebus
1011 1447 1077 1505 tum
1099 1439 1180 1525 ipsc,
1204 1462 1266 1524 quo
1288 1441 1411 1526 positus
1433 1450 1490 1524 est,
1514 1443 1617 1526 primo
1640 1443 1709 1508 loeo
1732 1441 1943 1526 prohibemur.
1980 1445 2072 1509 Hunc

330 1543 513 1628 scrupulum
537 1544 634 1609 eximi
655 1565 750 1628 posse
773 1545 887 1629 opinor
908 1550 1093 1627 comparato
1116 1543 1214 1608 simili
1236 1545 1366 1610 alterius
1389 1544 1512 1628 elegiae
1534 1546 1614 1628 loce,
1638 1565 1667 1609 u.
1687 1547 1742 1609 27:

828 1703 955 1778 Quicquid
975 1721 1067 1761 amore
1086 1711 1195 1774 terram,
1223 1714 1268 1762 eat
1287 1713 1407 1782 tutusque
1427 1723 1556 1781 sacerque

873 1805 1012 1876 Qualibet.-
1032 1806 1145 1864 budius
1161 1824 1214 1864 non
1234 1809 1351 1865 timur'sse
1372 1808 1455 1866 decet.

483 1954 659 2036 Utrobique
681 1953 765 2020 enim
787 1951 871 2020 duae
893 1953 1068 2020 sententiae
1090 1953 1123 2018 in
1146 1973 1244 2018 unum
1267 1954 1467 2038 coaluerunt,
1499 1975 1633 2038 quarum
1660 1955 1761 2022 altera
1784 1955 1915 2021 alterius
1938 1975 2067 2020 causam

329 2057 478 2124 continet.
529 2063 651 2134 Qualibet
672 2073 728 2130 aaa·
759 2083 823 2122 nam
844 2071 914 2122 uuna
935 2072 959 2120 et
979 2081 1057 2119 sacer
1078 2071 1115 2120 ert
1141 2075 1213 2120 cum
1242 2055 1380 2121 audacia
1402 2056 1541 2138 quadam
1572 2057 1606 2122 in
1628 2058 1756 2124 breuius
1783 2058 1942 2123 contraxit
1964 2063 2068 2142 poeta,

330 2168 364 2226 ut
387 2161 522 2244 legimus
546 2158 617 2244 (der
637 2159 728 2244 geba,
755 2180 806 2225 wo
830 2180 864 2225 es
886 2159 951 2223 ihm
974 2157 1106 2240 beliebt,
1139 2157 1188 2223 als
1210 2157 1369 2241 gesichert
1391 2159 1457 2224 und
1478 2159 1599 2243 gefelt).
1645 2162 1726 2227 Item
1747 2159 1808 2226 hoe
1830 2160 1900 2226 loco
1923 2170 1958 2224 at
1980 2167 2070 2233 dium

327 2290 392 2328 nam
413 2273 471 2328 iure
491 2279 530 2328 est
560 2269 788 2328 commutatum
818 2261 852 2326 in
873 2271 906 2326 ct
928 2268 1002 2325 diaes
1022 2267 1087 2324 iare.
1130 2260 1203 2326 Non
1234 2261 1366 2327 multum
1395 2261 1499 2329 differt
1516 2264 1657 2348 Propert.
1677 2264 1730 2346 IV,
1760 2265 1788 2348 7,
1808 2265 1851 2329 3u
1880 2262 1942 2347 (ed.
1964 2262 2068 2348 Mull.)

329 2392 399 2433 naue
420 2376 457 2431 aa
478 2375 536 2431 iure
557 2371 675 2447 superbo
697 2373 764 2429 licet

803 2604 853 2672 55.
898 2610 948 2666 Me
968 2611 1077 2668 rainae
1097 2612 1196 2668 arictum
1211 2611 1353 2686 scuposas
1372 2614 1464 2670 circla
1481 2613 1597 2688 puellae,

936 2713 976 2770 Et
997 2713 1076 2770 sedeo
1099 2713 1185 2770 duras
1206 2715 1303 2770 ianitor
1324 2723 1386 2771 arde
1403 2717 1487 2782 sores.

484 2862 577 2943 Quod
607 2862 704 2946 uulgo
726 2861 842 2946 legitur
862 2871 992 2937 omeliam,
1022 2879 1086 2924 uon
1108 2879 1243 2924 neruosa
1266 2860 1453 2942 cumulatio,
1485 2868 1520 2927 ut
1543 2862 1733 2944 quibusdam
1755 2860 1894 2946 uidetur,
1927 2862 1984 2928 sed
2002 2863 2070 2927 lan-

329 2967 428 3054 guida
449 2965 576 3032 iteratio
599 2973 647 3031 ast
668 2973 700 3031 et
721 2965 849 3029 Tibullo
872 2963 1014 3047 indigna.
1059 2962 1211 3027 Italorum
1242 2969 1349 3028 autem
1376 2963 1528 3030 correctio
1556 2967 1694 3045 (uictum),
1726 2985 1822 3046 quam
1850 2965 1969 3050 optimo
2000 2964 2069 3030 iure

329 3070 449 3155 recepit
471 3070 548 3134 Luc.
571 3067 669 3150 Muli,
693 3087 730 3132 eo
753 3067 884 3150 insuper
906 3065 1153 3146 commendatur,
1176 3065 1262 3148 quod
1279 3065 1391 3131 horum
1409 3087 1558 3133 uersuum
1576 3067 1733 3135 sententia
1751 3068 1879 3152 egregie
1898 3067 2068 3152 opponitur

330 3173 454 3240 duobus
477 3170 707 3256 superioribus:

867 3293 913 3366 Te,
935 3295 1076 3367 Messalla,
1099 3293 1173 3352 decet
1194 3303 1267 3353 terra
1288 3295 1385 3353 bellare
1407 3299 1535 3373 mamque,

914 3398 951 3456 Ut
971 3397 1067 3454 doctus
1087 3397 1192 3455 hostiles
1208 3399 1351 3474 praeferat
1371 3401 1490 3456 exuuias.

484 3547 554 3612 Hoc
575 3546 673 3630 igitur
694 3547 764 3612 uult
785 3551 893 3630 poeta:
936 3545 1016 3626 „Te,
1039 3543 1204 3627 Messalla,
1236 3542 1328 3610 decet
1349 3545 1499 3611 bellando
1522 3547 1676 3614 uincere
1698 3546 1818 3628 hosteS,
1850 3565 1903 3610 me
1925 3545 2069 3610 uictum

331 3650 432 3717 teneri
450 3671 471 3716 a
487 3649 625 3735 puella“.
648 3651 690 3714 Et
707 3648 818 3715 eodem
832 3647 927 3714 modo
941 3647 1100 3712 contraria
1114 3668 1298 3732 comparare
1310 3648 1357 3714 ita
1369 3649 1486 3732 pergit:
1510 3649 1581 3733 „Tu
1595 3669 1730 3716 exornas
1744 3647 1937 3714 uestibulum
1953 3645 2069 3728 (tuum)

332 3753 443 3838 spoliis
466 3753 582 3836 eaptis;
606 3773 665 3836 ego
688 3751 721 3817 in
744 3751 902 3818 uestibulo
922 3749 1075 3835 (puellae)
1098 3749 1187 3816 iaceo
1210 3756 1245 3814 ut
1262 3769 1374 3816 seruus
1393 3751 1589 3818 catenatus.“
1625 3751 1717 3830 Quod
1735 3770 1836 3836 genus
1855 3742 2067 3825 ἀντιθέσεως,

331 3876 428 3938 quam
450 3875 508 3920 uos
534 3875 701 3938 uocamus,
733 3860 887 3938 quantum
918 3873 1015 3935 quum
1047 3853 1193 3918 omnibus
1223 3852 1399 3937 elegiarum
1429 3855 1636 3939 scriptoribus
1662 3854 1815 3920 Romanis
1847 3861 1914 3919 tum
1941 3852 2069 3917 Tibullo

330 3958 496 4044 placuerit,
519 3957 640 4023 nemini
662 3955 755 4022 docto
778 3977 841 4022 non
864 3964 913 4023 est
935 3962 1053 4021 notum.
1361 3945 1367 3966 ’

764 4197 814 4262 57.
860 4201 925 4260 Non
947 4221 994 4277 epo
1018 4201 1130 4258 laudari
1150 4219 1223 4270 curo,
1244 4219 1305 4258 mea
1326 4200 1423 4258 Deb'a:
1453 4209 1539 4259 tecum

895 4303 1052 4361 Dummodo
1072 4304 1131 4373 sim,
1153 4321 1251 4377 quaeso
1273 4307 1360 4379 saquis
1383 4305 1506 4378 inersque
1527 4321 1615 4362 nocer.

484 4451 659 4519 Annotauit
680 4451 756 4518 Luc.
779 4451 868 4518 Mbll.
892 4451 1005 4536 (praef.
1029 4471 1059 4535 p.
1082 4449 1206 4533 XXX):
1238 4457 1285 4526 bis,
1307 4475 1361 4514 nou
1386 4459 1505 4532 sceptris,
1534 4459 1649 4532 pronius
1675 4459 1869 4531 interpretatum
1892 4464 1953 4531 poet
1969 4451 2066 4529 pedem

333 4566 453 4639 qrciutum
475 4561 629 4634 hexametri,
651 4562 675 4632 I,
698 4565 725 4633 1,
748 4565 789 4620 57
812 4571 836 4620 et
859 4563 887 4633 t,
909 4563 930 4620 3

849 4713 926 4784 Quae
946 4725 994 4772 tua
1008 4714 1145 4788 formosos
1167 4718 1235 4792 cepit
1254 4715 1388 4772 collatio:
1406 4723 1473 4772 certe

896 4816 961 4874 Non
982 4815 1029 4874 riti
1049 4817 1134 4875 barba
1156 4820 1224 4888 uitet,
1247 4836 1299 4874 uon
1320 4816 1368 4875 tibi
1387 4819 1458 4875 culto
1480 4824 1590 4874 comest.

487 4966 557 5032 Hac
580 4987 614 5032 re
635 4965 828 5051 perducatur
848 4964 983 5030 forsitan
1005 4964 1178 5049 quispiam,
1210 4971 1245 5030 ut
1266 4964 1372 5048 priore
1394 4964 1464 5028 loco
1491 4962 1582 5028 colon
1610 4962 1726 5028 rectius
1748 4959 1825 5046 poni
1847 4963 1974 5022 censeat
1997 4961 2071 5021 ante

333 5069 530 5136 uocatiuum:
562 5095 614 5133 non
637 5095 684 5151 epo
707 5076 818 5134 laudaro·
838 5094 917 5134 curo.-
947 5093 1007 5132 mea
1029 5075 1126 5146 Delia,
1157 5086 1250 5133 recem.
1294 5068 1364 5150 Ego
1386 5085 1462 5132 uero
1489 5086 1552 5130 nou
1579 5073 1664 5150 puto.
1709 5065 1793 5128 Nam
1815 5067 1850 5124 ut
1871 5057 1995 5123 mittam
2017 5078 2071 5142 pe·

334 5172 449 5240 destris
471 5171 626 5240 sermonis
649 5193 741 5239 usum
763 5171 975 5238 remouendae
1001 5173 1042 5238 ab
1069 5173 1197 5236 ineunte
1223 5169 1366 5234 oratione
1394 5167 1661 5252 compellationis,
1694 5184 1798 5247 aquo
1826 5182 1885 5227 usu
1907 5159 2071 5228 discedere

334 5275 421 5344 haud
444 5275 539 5342 dubie
562 5276 679 5343 licebat
701 5283 824 5360 poetae,
857 5283 941 5342 certe
968 5283 1000 5342 ct
1026 5272 1106 5338 illud
1132 5286 1218 5338 terum
1244 5272 1365 5337 maiore
1393 5271 1425 5337 ui
1451 5271 1687 5355 pronuntiatur,
1720 5267 1746 5333 si
1774 5271 1870 5332 antea
1895 5265 1997 5330 ineisa
2024 5267 2072 5325 est
