4756 5892
1130 506 1334 600 Aa--

362 702 479 768 aetatis
502 703 640 770 maxime
662 704 780 770 eminet
802 711 897 787 atque
919 705 1031 772 elucet.
1077 707 1169 786 Quod
1195 709 1346 774 iudicium
1377 729 1473 792 quum
1500 709 1533 774 in
1560 709 1708 794 opinione
1741 729 1779 774 ac
1801 729 1898 774 seusu
1919 710 2023 794 magis
2045 731 2101 796 po·

364 806 460 870 sitnm
492 806 533 871 sit
565 825 662 889 quam
684 807 718 873 in
741 809 846 874 causis
869 809 1064 876 extrinsecus
1087 812 1208 898 petitis,
1240 833 1303 879 non
1325 812 1441 891 habeo,
1474 809 1559 895 quod
1579 809 1622 876 ad
1644 810 1878 878 conuincendos
1900 809 2101 880 aduersarios

364 906 492 973 addam.
537 908 580 974 nt
601 908 713 991 habco,
737 909 822 992 quod
843 911 893 994 iis,
918 911 972 994 qui
994 933 1084 978 meae
1111 913 1221 980 fauent
1247 914 1436 998 sententiae,
1464 913 1507 979 ad
1529 913 1761 980 emendandum
1789 914 1893 979 locum
1915 934 2099 1001 proponam.

367 1015 559 1093 Temptaverat
580 1011 664 1077 enim
686 1031 743 1097 pro
766 1027 959 1096 contempserat
981 1015 1150 1098 legendum
1171 1017 1383 1101 mendumque
1405 1037 1445 1083 ox
1467 1036 1505 1082 eo
1528 1025 1630 1082 ortum
1653 1037 1723 1083 esse
1744 1023 1833 1102 puto,
1857 1016 1942 1101 quod
1965 1043 2014 1082 con
2036 1019 2100 1102 syl·

361 1111 458 1179 labae
477 1133 535 1199 per
553 1113 773 1199 compendium
788 1115 926 1200 scriptae
943 1117 1078 1201 signum,
1093 1119 1198 1185 simile
1208 1145 1240 1184 aa
1248 1120 1393 1206 syllabae
1411 1120 1513 1204 signo,
1527 1120 1610 1186 inter
1615 1129 1695 1203 paras
1708 1126 1740 1186 et
1748 1135 1923 1204 wopam
1930 1120 2099 1206 irrepserit.

801 1305 851 1368 51.
885 1311 995 1381 'Parca
1016 1323 1108 1388 paler:
1128 1315 1250 1372 canadam
1271 1333 1323 1372 noa
1345 1333 1386 1372 me
1404 1316 1526 1391 periano
1548 1323 1653 1382 umal,

948 1413 1011 1472 Non
1035 1416 1108 1474 dicta
1130 1419 1156 1473 in
1177 1426 1286 1474 sanctos
1307 1419 1391 1493 impia
1412 1416 1494 1474 orabo
1518 1417 1590 1474 deos.

900 1517 982 1586 Quod
1000 1521 1026 1575 sl
1038 1519 1142 1592 fatales
1163 1521 1219 1576 lom
1240 1539 1312 1576 nunc
1333 1521 1495 1594 arpuotmar
1517 1537 1610 1586 amoos,

946 1619 1009 1677 Fac
1032 1621 1102 1696 lupis
1123 1623 1256 1696 discriptos
1277 1627 1324 1678 stet
1344 1639 1426 1696 arqror
1447 1639 1509 1678 ossa
1530 1625 1606 1680 notis.

516 1767 649 1832 Miratur
670 1767 705 1832 L.
730 1765 924 1850 Mtlllerus‚
953 1765 1038 1850 quod
1061 1788 1152 1833 nemo
1175 1775 1250 1832 ante
1272 1789 1306 1833 se
1329 1767 1507 1850 complures
1534 1789 1643 1833 uersus
1671 1768 1753 1833 inter
1774 1767 1854 1834 haec
1877 1767 1939 1833 duo
1962 1765 2099 1832 disticha

362 1871 522 1937 excidisse
545 1870 749 1956 perspexerit.
795 1869 938 1935 ieiunam
961 1869 1045 1935 eninr
1068 1890 1138 1936 esso
1160 1870 1374 1954 precationem
1406 1869 1495 1936 illam
1521 1869 1564 1935 ad
1590 1869 1669 1936 duos
1698 1890 1806 1936 uersus
1834 1869 2005 1952 redactam,
2037 1890 2100 1953 qua

363 1973 450 2040 Iouis
473 1972 724 2039 misericordiam
746 1971 906 2057 imploret;
938 1971 1053 2037 deinde
1081 1973 1260 2056 arrogantis
1287 1993 1356 2037 esse
1379 1993 1399 2037 a
1421 1973 1497 2038 Ioue
1520 1971 1646 2057 Optimo
1668 1973 1809 2038 Maximo
1832 1979 1951 2057 petere,
1984 1981 2018 2037 ut
2040 1973 2102 2038 sibi

362 2083 505 2142 exstruat
527 2082 771 2142 monumentum.
817 2074 886 2138 Hac
913 2095 1006 2158 prece
1028 2075 1212 2140 Messallam
1243 2075 1347 2160 potius
1378 2074 1559 2140 adeundum
1587 2074 1694 2140 luisse.
1739 2076 1827 2141 Haec
1854 2074 2102 2160 deprehendisse

362 2179 425 2246 sibi
447 2179 571 2244 uidetur
593 2179 642 2243 uir
663 2175 873 2243 doctissimus.
919 2176 984 2242 Sed
1005 2197 1125 2258 uereor,
1148 2199 1188 2243 ne
1211 2177 1342 2242 nimium
1360 2197 1462 2260 sagax
1484 2177 1588 2242 luerit.
1624 2179 1708 2242 Nam
1730 2175 1815 2260 quod
1833 2176 1998 2242 ieiunitate
2021 2198 2098 2260 qua-

363 2281 438 2347 dam
460 2289 491 2347 et
513 2281 622 2366 inopia
645 2281 707 2346 loci
729 2287 903 2345 commotus
926 2287 983 2364 est,
1007 2301 1104 2362 quum
1126 2301 1185 2346 nec
1208 2281 1342 2345 obscura
1366 2300 1424 2344 nec
1446 2278 1582 2364 abrupta
1605 2279 1646 2344 sit
1668 2280 1835 2362 sententia,
1858 2279 1939 2344 illud
1956 2279 2098 2365 prolecto

362 2393 475 2470 poetae
498 2384 629 2448 arbitrio
653 2381 888 2448 concedendum
911 2391 973 2464 est,
1006 2389 1109 2447 utrum
1137 2382 1256 2448 diutius
1284 2383 1405 2447 uersari
1430 2382 1521 2448 malit
1550 2383 1584 2446 in
1606 2382 1667 2447 hac
1689 2403 1722 2447 re
1744 2403 1787 2446 an
1809 2382 1948 2447 breuiter
1968 2402 2008 2448 ea
2029 2403 2098 2467 per·

366 2488 476 2553 stricta
497 2487 649 2552 festinare
671 2484 714 2550 ad
736 2485 811 2550 alia.
857 2485 898 2549 Et
920 2485 987 2550 iure
1009 2485 1180 2566 destinauit,
1204 2506 1243 2550 ne
1262 2485 1414 2550 recideret
1436 2485 1470 2550 in
1488 2485 1633 2566 querelas
1656 2485 1695 2550 de
1713 2485 1823 2550 mortis
1845 2484 1987 2570 periculo
2004 2491 2099 2550 antea

364 2591 482 2655 effusas
504 2609 585 2654 neue
607 2587 719 2654 eadem
745 2595 865 2673 peteret
888 2609 907 2652 a
930 2587 1015 2669 Ione,
1047 2607 1129 2669 quae
1155 2589 1196 2652 ab
1219 2587 1304 2653 Iside
1334 2608 1390 2673 per
1412 2587 1539 2652 Deliam
1560 2595 1655 2652 antea
1677 2586 1844 2672 petiuerat.
1888 2587 2099 2670 Arrogantiac

366 2699 474 2758 autem
492 2690 573 2756 illud
591 2691 709 2756 crimen
726 2690 771 2754 ita
790 2689 970 2776 propulsari
986 2711 1079 2775 posse
1099 2691 1254 2756 existimo.
1281 2689 1413 2756 Mandat
1431 2690 1510 2772 Ioni,
1530 2697 1564 2754 ut
1581 2689 1627 2754 ait
1644 2689 1856 2772 Disaenius,
1877 2708 1972 2771 quum
1990 2689 2096 2768 alium,

359 2795 414 2860 cui
436 2793 574 2874 mandet,
598 2813 661 2858 non
683 2791 809 2875 habeat,
832 2792 921 2856 utin
944 2791 1041 2858 simili
1063 2813 1166 2858 rorum
1190 2793 1370 2858 discrimine
1393 2793 1468 2858 t'ccit
1490 2793 1573 2857 Aiax
1596 2791 1792 2876 Sophocleus
1815 2791 1858 2874 (u.
1878 2793 1941 2856 823
1959 2790 2042 2874 sqq.)

1078 2942 1114 3012 ln
1138 2945 1175 3014 δὲ
1197 2945 1303 3013 τῶνδέ
1323 2971 1382 3029 μοι

823 3047 861 3113 σύ
886 3049 1029 3134 πρῶτος,
1054 3039 1080 3114 ὦ
1104 3049 1180 3125 Ζεῦ,
1205 3048 1345 3138 καὶγὰρ
1369 3044 1465 3127 εἰκός,
1490 3042 1638 3133 ὂίρκεσον.

824 3145 1006 3239 αἰτήσομαι
1031 3151 1069 3217 dc'
1090 3144 1119 3218 o'
1142 3145 1181 3216 οὗ
1203 3151 1331 3240 μακρὸν
1352 3151 1451 3239 γέρας
1473 3150 1592 3233 λαχεῖν.

822 3250 961 3342 πέμψον
983 3247 1042 3318 τιν’
1068 3245 1144 3341 ἡμῖν
1165 3245 1311 3341 ὅγγελον,
1337 3254 1439 3342 κακήν
1460 3251 1563 3342 φάτιν

825 3351 957 3444 Τεύκρῳ
981 3355 1135 3445 φέροντα.

515 3513 647 3578 Mandat
669 3523 774 3578 autem
796 3513 866 3578 Ioui
889 3533 952 3578 non
975 3521 1009 3578 ut
1028 3515 1206 3599 sepulcrum
1229 3514 1298 3599 ipse
1317 3520 1467 3594 exstruat,
1491 3511 1548 3578 scd
1566 3512 1626 3578 lroc
1645 3510 1788 3576 mandat:
1813 3509 1911 3592 ellico,
1936 3517 1970 3574 nt
1988 3527 2097 3574 monu-

358 3625 501 3682 mentum
528 3615 607 3680 mihi
629 3623 808 3681 exstmatur
839 3616 894 3699 (ab
917 3617 1029 3682 amicis
1052 3615 1113 3682 huo
1136 3615 1294 3696 reuersis).
1341 3614 1432 3693 Quod
1460 3614 1589 3697 quidem
1624 3635 1687 3680 non
1718 3612 1820 3696 magis
1843 3621 2028 3696 arroganter
2051 3611 2098 3676 di·

361 3728 450 3786 ctum
472 3727 529 3800 est,
552 3737 648 3800 quam
671 3717 755 3800 quod
778 3719 874 3803 paulo
896 3727 969 3804 post
991 3739 1119 3804 sperare
1140 3740 1176 3786 se
1198 3718 1291 3783 dixit:
1323 3727 1384 3800 apsa
1400 3725 1486 3782 Varus
1508 3718 1576 3801 (me)
1599 3743 1709 3800 canapos
1731 3723 1809 3780 ducet
1830 3724 1855 3778 ia
1878 3721 2004 3798 Elysios,
2036 3733 2100 3780 non

359 3823 464 3906 magis
488 3827 674 3904 arroganter
695 3841 790 3904 quam
814 3842 895 3903 quae
919 3820 1053 3887 Ouidius
1076 3831 1107 3886 et
1129 3821 1311 3907 Propertius
1335 3827 1514 3900 creuerunt,
1539 3820 1591 3885 illc
1614 3841 1662 3905 ep.
1682 3839 1721 3886 ex
1735 3819 1836 3884 Ponto
1851 3817 1876 3900 1,
1895 3819 1925 3900 2,
1948 3818 2007 3884 149
2030 3837 2098 3898 sqq.

825 3981 949 4058 Consapit
969 3983 1034 4040 dccc
1056 3981 1097 4038 od
1116 3999 1172 4052 uos,
1194 3989 1297 4038 nesam
1319 3982 1485 4056 amplectatur
1506 3999 1572 4037 aros
1590 4011 1631 4022 -

864 4085 927 4142 Iucu
948 4087 1019 4142 uertit
1041 4086 1124 4142 cados
1145 4083 1185 4140 ud
1205 4083 1257 4140 sibi
1275 4087 1385 4158 quisquc
1411 4083 1474 4140 deos
1495 4111 1538 4123 -

821 4186 956 4262 Flavaque
978 4195 1063 4262 νομαί,
1082 4185 1208 4261 precibus
1229 4185 1305 4241 lando
1333 4183 1450 4242 Caesare
1471 4187 1572 4245 anmals.

864 4289 952 4347 Busta
970 4291 1014 4346 aar·
1034 4289 1106 4362 fiuant
1127 4297 1156 4345 ut
1174 4289 1304 4364 propiora
1326 4290 1386 4356 urit',

359 4387 701 4471 mffiffiffiffi

778 4511 820 4570 Di
835 4511 953 4585 sociant,
975 4530 1035 4569 mea
1057 4530 1089 4569 nc
1110 4519 1184 4569 ternu
1206 4512 1272 4568 locat
1294 4507 1431 4582 (domina)
1454 4529 1515 4567 ossa
1535 4513 1677 4587 frequenti.

826 4613 885 4682 Quo
903 4616 975 4686 socr't
997 4614 1105 4672 assiduo
1126 4617 1232 4671 domita
1252 4614 1349 4686 scalpas
1370 4614 1427 4670 iter.

518 4762 581 4829 Sed
604 4784 668 4828 non
690 4761 783 4828 morlo
805 4761 886 4828 nihil
908 4767 956 4827 est
978 4759 1037 4826 hoc
1061 4763 1140 4844 loco,
1165 4759 1250 4843 quod
1271 4758 1477 4843 desideratur,
1500 4781 1608 4827 uerum
1630 4781 1669 4826 ne
1692 4765 1825 4846 possunt
1846 4753 1974 4840 quidem
1992 4750 2097 4816 dirimi

361 4865 441 4931 llaec
463 4864 614 4948 disticha,
647 4864 731 4947 quod
758 4863 897 4929 maximo
925 4864 1015 4946 qnasi
1039 4863 1166 4929 uinculo
1194 4881 1337 4926 connexa
1359 4871 1441 4928 sunt.
1486 4863 1692 4948 Perspicuum
1713 4863 1799 4927 enim
1821 4867 1869 4926 est
1894 4855 1956 4920 duo
1979 4875 2097 4939 genera

362 4968 471 5036 mortis
495 4969 632 5034 interae
655 4967 847 5054 comparari,
879 4977 1115 5053 praematuram
1146 4973 1279 5030 mortem
1301 4985 1321 5028 a
1344 4961 1406 5028 diis
1428 4970 1556 5049 propter
1581 4965 1712 5049 impium
1739 4960 1869 5046 aliquod
1891 4957 2016 5024 lacinus
2038 4957 2095 5021 im·

361 5071 493 5138 missam
515 5079 546 5136 et
568 5069 698 5136 fatalem
721 5077 853 5137 mortem
876 5090 934 5138 suo
956 5070 1069 5152 cuique
1091 5085 1246 5134 annorum
1267 5085 1397 5132 numero
1427 5066 1553 5154 expleto
1576 5067 1766 5134 obeundam:
1799 5065 1888 5128 illam
1911 5061 2098 5147 deprecatur

362 5181 466 5258 poeta,
490 5171 575 5256 quod
596 5171 676 5238 nihil
699 5171 789 5257 impii
812 5173 845 5238 in
867 5194 901 5240 se
923 5169 1100 5251 adrumetis
1131 5168 1210 5234 haec
1238 5167 1266 5232 si
1292 5167 1359 5234 fato
1390 5169 1453 5235 sibi
1480 5170 1649 5236 constituta
1677 5171 1730 5252 sit,
1762 5163 1958 5232 monumenti
1980 5163 2097 5228 honore

360 5275 501 5361 postulat
524 5281 558 5340 ut
579 5273 745 5342 afficiatur.

1026 5395 1434 5405 ..------.---
