4756 5892
1109 409 1314 506 „L

339 611 384 670 tte
400 605 589 672 aduerbium
606 608 771 692 explicans
790 629 847 692 per
864 619 910 688 „ur
926 619 1016 676 eodan
1026 611 1291 694 (armamentorum)
1307 619 1412 688 sacrd‘,
1431 634 1485 679 eos
1498 635 1562 679 non
1575 635 1669 698 posse
1682 615 1792 682 referri
1805 619 1849 684 ad
1861 621 2079 688 Ambarualia.

340 707 405 773 Aut
427 709 512 774 enim
534 709 614 775 nihil
637 718 762 778 constat
783 719 839 776 aut
860 712 941 778 haec
963 712 1005 778 ad
1022 714 1144 780 Parilia
1165 717 1322 800 pertinere
1344 716 1554 782 certissimum
1576 724 1633 783 est.
1678 719 1729 784 An
1750 719 1935 803 ignoramus
1957 725 2078 810 Palem,

340 817 503 894 pastorum
526 813 699 897 custodem,
745 814 905 898 placidam
928 815 1031 898 deam,
1063 837 1127 882 non
1150 819 1287 884 cruentis
1310 817 1456 903 dapibus,
1488 817 1546 884 sed
1567 821 1737 902 quotannis
1768 831 1843 889 ante
1869 825 1899 890 d.
1923 827 1980 891 XI.
2004 829 2078 893 Kal.

343 911 447 979 Maias
478 914 562 981 lacte
589 914 698 1000 tepido
719 917 895 1000 placatam,
922 919 1079 1002 simulque
1102 926 1134 984 et
1155 941 1268 1004 greges
1291 929 1323 986 et
1343 927 1487 1005 pastores
1508 921 1576 1004 igni
1599 922 1749 990 lustratos
1771 928 1862 992 esse?
1906 927 1984 1012 (Cir.
2007 931 2078 996 Tib.

337 1014 381 1098 II,
403 1015 434 1098 5,
458 1018 499 1082 87
518 1037 586 1100 sqq.
629 1017 721 1084 Ouid.
740 1019 827 1084 Fast.
846 1020 899 1084 IV.
921 1022 982 1085 723
1000 1041 1069 1104 sqq.
1106 1023 1238 1088 Prelleri
1256 1023 1355 1108 Mytb.
1375 1023 1464 1088 Rom.
1483 1044 1513 1106 p.
1533 1025 1595 1089 366
1614 1025 1698 1108 sqq.)
1734 1027 1819 1110 Ergo
1838 1029 1917 1095 haee
1941 1030 2079 1100 disticha

339 1115 499 1197 (19—24.
533 1121 683 1204 35—36)
713 1122 859 1187 omnibus
889 1123 1046 1188 machinis
1069 1125 1174 1208 potins
1197 1123 1388 1191 dissecando
1410 1145 1506 1207 quam
1537 1125 1714 1193 conflanda.
1759 1130 1844 1196 Ecce
1874 1139 1979 1199 arrtem
2011 1137 2078 1202 alia

308 1303 309 1307 Ἰ
341 1227 453 1286 contra
475 1222 631 1289 Haasium
654 1223 820 1290 dubitatio.
861 1225 1013 1291 Versibus
1034 1227 1170 1291 att-32

833 1383 894 1444 Nec
913 1397 1001 1444 tamen
1022 1387 1154 1444 interdum
1171 1387 1277 1462 prrdeot
1296 1390 1407 1446 temese
1428 1387 1544 1446 bidentes
1596 1421 1601 1434 ·

878 1489 933 1546 Aut
954 1491 1057 1545 simulo
1078 1489 1173 1546 tardos
1194 1491 1356 1565 aamepur'sse
1377 1490 1463 1561 borea,

834 1591 899 1650 Non
916 1609 1050 1667 spasmus
1071 1593 1131 1648 erim
1148 1594 1242 1666 pigeat
1256 1593 1377 1665 suumne
1399 1594 1517 1670 capellae

875 1694 1017 1751 Desertum
1039 1693 1117 1750 oblita
1139 1703 1225 1751 matre
1246 1695 1347 1767 referre
1368 1695 1476 1752 doraum

337 1831 372 1896 id
404 1833 490 1900 haud
521 1835 617 1904 dubie
648 1840 716 1923 agit
742 1848 852 1924 poeta,
885 1847 919 1905 ut
942 1840 1088 1922 quamuis
1111 1840 1168 1904 otii
1190 1839 1341 1924 cupidum
1363 1849 1470 1906 tamen
1492 1841 1612 1907 rustica
1634 1863 1732 1927 opera
1753 1865 1816 1910 non
1839 1846 2075 1930 repudiaturum

339 1957 374 2003 sc
397 1957 467 2004 esse
489 1938 639 2007 declaret.
684 1943 726 2008 Et
758 1943 894 2027 primum
916 1942 977 2008 hoo
1000 1942 1138 2008 illustrat
1160 1942 1230 2025 agri
1253 1943 1395 2008 culturae
1418 1945 1563 2028 exemplo
1596 1945 1660 2027 (29.
1684 1946 1750 2032 30),
1792 1947 1907 2015 deinde
1937 1951 1979 2014 ad
2008 1972 2075 2017 rem

336 2041 519 2122 pecuariam
542 2043 630 2110 uenit
648 2044 713 2128 (31.
732 2043 807 2128 32):
831 2043 908 2126 quid
930 2052 996 2110 tum
1018 2046 1262 2128 exspectamus?
1298 2045 1475 2129 Imaginem
1493 2067 1571 2112 saue
1589 2067 1630 2112 ex
1648 2046 1809 2116 hortorum
1827 2051 1913 2118 cultu
1931 2053 2073 2136 petitam.

337 2143 379 2208 Et
401 2143 543 2228 prolecto
566 2165 605 2212 ea
627 2146 797 2230 praebetur
818 2147 932 2212 Haasii
954 2147 1211 2231 transpositione,
1234 2155 1341 2213 tamen
1364 2149 1531 2214 interiecta
1552 2150 1619 2216 alia
1640 2172 1687 2217 re:

848 2305 886 2364 At
906 2325 955 2364 uos
976 2310 1070 2382 eripere
1088 2311 1189 2384 pecori,
1206 2311 1336 2383 furesque
1356 2309 1470 2384 lupique,

891 2411 1015 2468 Parcae:
1037 2412 1071 2467 de
1092 2428 1191 2486 mayoc
1209 2411 1319 2486 praeda
1338 2411 1455 2486 peteuda
1475 2431 1565 2488 φερε.

847 2513 910 2588 Ipse
929 2531 1019 2570 soum
1040 2521 1146 2570 teucrus
1167 2521 1272 2570 maturo
1293 2523 1410 2589 tempore
1430 2517 1497 2571 uites

890 2613 1015 2674 Rusticus
1036 2623 1061 2672 et
1075 2616 1159 2690 sacili
1177 2615 1298 2689 grandia
1316 2635 1400 2690 poma
1423 2635 1527 2674 munus.

493 2760 599 2839 Quid?
621 2761 726 2826 ibrum
748 2762 805 2826 illa
830 2768 862 2828 et
883 2762 1030 2846 lupomm
1048 2761 1240 2846 deprecatio,
1267 2762 1415 2844 quamuis
1433 2771 1508 2846 apte
1530 2763 1699 2829 conueniat
1716 2765 1871 2849 superiori
1889 2770 2076 2854 sententiae,

336 2863 363 2929 si
386 2865 546 2949 progressi
568 2885 676 2931 sumus
699 2864 741 2930 ad
763 2871 843 2948 „Ipse
863 2869 970 2930 serrants
992 2903 1033 2910 -
1056 2863 1229 2946 numquid
1252 2863 1339 2928 aliud
1363 2884 1458 2946 quam
1481 2865 1694 2950 inopportuna
1707 2867 1917 2952 parenthesis,
1941 2873 2075 2940 molesta

205 3003 212 3012 ·
338 2966 504 3051 digressio,
527 2987 623 3050 quam
646 2967 708 3033 nisi
730 2975 836 3034 mente
858 2968 1148 3051 praetermittimus,
1173 2985 1235 3032 non
1258 2967 1426 3050 habemus,
1453 2988 1516 3050 quo
1539 2969 1755 3051 insequentem
1778 2974 1969 3040 sententiam
1991 2983 2077 3043 recte

341 3071 570 3136 annectamus?
597 3070 675 3136 Eice
693 3069 865 3137 distichon:
884 3071 992 3136 omnia
1010 3071 1061 3134 bic
1080 3071 1245 3153 praeclare
1266 3069 1350 3135 inter
1363 3091 1398 3136 se
1416 3071 1585 3155 excipient.
1613 3073 1743 3155 Repone
1756 3075 1890 3157 pristino
1904 3077 1974 3143 loco
1989 3079 2077 3162 (ante

337 3194 368 3239 n.
392 3173 462 3257 35):
486 3173 635 3238 nimimm
657 3173 789 3256 nescies,
814 3193 876 3256 quo
898 3182 941 3237 tic
962 3171 1149 3238 aduerbium
1173 3173 1297 3256 (uersus
1315 3173 1357 3238 35
1375 3173 1458 3250 init.)
1481 3175 1609 3239 referas.
1656 3173 1720 3240 Sed
1742 3195 1807 3242 una
1829 3177 1935 3244 littera
1952 3189 2076 3246 mutata

336 3275 485 3359 liquebit;
508 3276 612 3342 scribe
633 3283 683 3341 too
704 3297 761 3360 pro
783 3283 835 3344 tic.
857 3283 924 3341 tum
946 3275 1054 3340 omnia
1076 3275 1235 3360 expedita.
1280 3275 1416 3341 Laribus
1439 3277 1584 3359 promisit
1610 3284 1706 3360 poeta
1732 3299 1850 3361 agnam
1872 3281 2074 3348 Ambaruali-

336 3383 396 3448 bus
418 3379 633 3462 mactandam,
656 3386 692 3443 ut
713 3399 849 3444 messem
871 3385 903 3444 et
925 3377 1119 3443 uindemiam
1142 3378 1366 3458 secundarent3
1401 3385 1468 3442 turn
1490 3378 1533 3443 ad
1554 3379 1666 3444 Palem
1688 3401 1723 3445 se
1745 3383 1909 3464 conuertit,
1942 3384 1998 3449 sed
2020 3405 2074 3469 pe-

338 3505 446 3550 corum
469 3482 632 3567 paucitate
653 3481 748 3548 modo
776 3487 1023 3547 commemorata
1052 3501 1089 3546 eo
1117 3479 1313 3564 perducitur,
1345 3488 1380 3545 ut
1406 3481 1532 3546 uariata
1562 3481 1677 3548 festiue
1708 3484 1851 3550 oratione
1882 3506 1945 3550 non
1972 3486 2073 3553 dicat:

337 3587 431 3671 „Tibi
454 3605 589 3668 quoque,
611 3585 723 3666 Pales,
755 3605 886 3650 munera
911 3583 1026 3666 leram3
1059 3603 1134 3667 ergo
1160 3589 1265 3648 tutare
1290 3603 1405 3666 greges
1431 3583 1550 3666 meos,“
1574 3583 1630 3650 sed
1652 3585 1778 3651 innerso
1802 3586 1926 3653 ordine:
1969 3590 2074 3672 „absit

344 3689 496 3754 damnum
518 3709 539 3753 a
560 3707 674 3772 pecore
697 3707 777 3770 meo,
800 3687 986 3772 praesertim
1013 3686 1142 3770 exigam
1175 3685 1274 3768 (quod
1296 3685 1364 3751 fore
1386 3705 1489 3769 spero,
1512 3687 1601 3769 nam)
1623 3687 1683 3752 hoc
1707 3687 1832 3772 (pecus)
1854 3698 2076 3774 pastoremque

338 3813 444 3859 meum
467 3792 603 3858 lustrare
620 3790 790 3874 quotannis
808 3789 895 3854 soleo
914 3788 1072 3854 Parilibus
1091 3787 1172 3852 oet.“
1217 3786 1288 3865 Qua
1311 3808 1383 3852 oum
1401 3789 1628 3854 sententiarum
1646 3791 1869 3858 consecutione
1887 3792 1960 3859 uide
1978 3814 2074 3876 quam

337 3895 469 3962 mirifice
492 3901 678 3978 congruant,
702 3913 783 3975 quae
806 3893 847 3958 de
868 3891 980 3958 eadem
1003 3891 1081 3956 Pale
1103 3891 1195 3975 lupos
1218 3899 1448 3957 auerruncante
1470 3891 1548 3957 dicit
1569 3892 1610 3973 Il,
1634 3894 1664 3974 5,
1687 3895 1727 3958 87
1751 3913 1812 3976 sq:

801 4053 837 4111 At
859 4052 987 4110 madidas
1008 4051 1122 4108 Baccbo
1142 4069 1194 4107 crta
1209 4052 1285 4124 festa
1306 4051 1416 4109 Parilia
1434 4061 1529 4127 postor

844 4154 981 4212 Concitet:
1002 4171 1022 4209 a
1042 4153 1152 4211 stadales
1168 4160 1231 4210 turre
1249 4153 1348 4228 procul
1364 4163 1416 4210 este
1437 4155 1501 4227 tupi.

489 4303 549 4370 His
571 4303 725 4388 expositis
747 4301 942 4387 priusquam,
966 4298 1050 4382 quod
1074 4299 1229 4382 reliquum
1252 4307 1313 4382 est,
1341 4307 1441 4365 totum
1464 4300 1569 4365 locum
1591 4299 1631 4366 de
1658 4309 1767 4367 nostra
1789 4302 1946 4368 sententia
1967 4303 2001 4368 in
2023 4323 2069 4366 or-

337 4409 443 4474 dinem
462 4405 625 4473 redaotum
643 4405 871 4487 describamus,
890 4403 932 4469 ad
950 4403 1159 4470 leuiuseulam
1177 4425 1243 4469 rem
1261 4401 1400 4469 nondum
1414 4401 1622 4469 tliiudicatam
1640 4424 1790 4470 reuocare
1809 4404 1912 4470 liceat.
1932 4405 2018 4471 Vcrs.
2029 4403 2070 4468 25

337 4512 448 4596 (uetes.
472 4509 588 4592 ordin.)
610 4509 758 4592 'corrupto
782 4507 867 4572 haud
890 4507 986 4572 dubie
1008 4507 1099 4572 initio
1120 4506 1154 4571 in
1177 4507 1265 4572 libris
1287 4506 1422 4571 traditus
1446 4513 1503 4589 est,
1526 4515 1581 4571 mm
1603 4514 1682 4570 nzodo
1704 4531 1756 4570 non
1773 4531 1885 4586 possen
1902 4507 2070 4592 plerisque,

338 4613 498 4698 excerptis
515 4613 652 4696 Frising.
675 4621 730 4676 tam
752 4618 832 4676 modo
854 4620 909 4674 iam
929 4619 1029 4692 possim
1051 4607 1283 4674 exhibentibus.
1318 4609 1385 4673 Nec
1409 4609 1522 4672 mirum
1544 4609 1577 4672 in
1600 4615 1690 4672 tanta
1712 4607 1897 4675 conlirsione
1915 4627 2069 4674 uersuum.

336 4716 436 4782 Varia
458 4715 637 4782 coniectata
659 4723 746 4796 sunt,
779 4733 861 4796 quae
883 4733 1068 4778 enumerare
1091 4733 1154 4776 non
1176 4711 1290 4776 attinet
1316 4719 1441 4794 practer
1468 4710 1718 4776 recentissimam
1741 4711 1776 4775 L.
1800 4709 1925 4776 Mttlleri
1948 4709 2070 4774 coniec-

335 4827 453 4886 turam:
487 4827 560 4896 „r’am
582 4825 653 4892 ndi,
676 4825 731 4880 ium
749 4819 879 4899 poccimt‘
924 4813 1014 4892 Quae
1036 4833 1219 4896 quanquam
1245 4813 1385 4896 optimae
1406 4811 1556 4878 habenda
1579 4820 1627 4877 est
1648 4820 1742 4879 notae
1773 4821 1901 4897 propter
1922 4811 2069 4877 mutatio-

335 4924 386 4989 nis
408 4921 646 5007 simplioitatem
669 4940 732 4984 non
754 4919 859 4984 minus
882 4939 978 5000 quarn
1001 4916 1176 4983 sententiae
1203 4916 1474 4998 conuenientiam,
1507 4921 1613 5002 tumen
1640 4915 1748 4982 nescio
1771 4937 1812 4980 sn
1834 4913 1901 4978 ueri
1923 4913 1965 4978 sit
1985 4914 2070 4978 simi-

335 5027 397 5092 lius
424 5025 578 5110 scriptum
600 5023 699 5088 fuisse
722 5043 743 5087 a
764 5021 906 5087 Tibullo:
939 5027 1161 5084 damnatorem
1178 5029 1288 5101 pesam.
1331 5017 1510 5083 Recordare
1532 5038 1651 5100 quaeso
1673 5039 1721 5103 ea,
1753 5036 1835 5100 quae
1857 5014 1897 5081 de
1919 5025 1997 5081 ami
2015 5026 2071 5082 aaa

336 5129 380 5212 (u.
404 5129 438 5210 b)
461 5147 559 5212 supra
582 5125 830 5210 disputauimus:
854 5144 1027 5208 cognosces
1050 5122 1218 5207 aptissima
1240 5121 1362 5186 ratione
1389 5122 1471 5186 inter
1492 5142 1526 5186 se
1548 5121 1717 5186 cohaerere
1739 5121 1832 5184 haec:
1864 5145 1906 5183 me
1922 5133 2072 5202 paupera

333 5239 463 5297 traducat
483 5266 526 5280 --
548 5237 613 5294 dnm
635 5237 721 5294 luccat
736 5235 818 5310 focus
840 5267 881 5278 —-
904 5233 1048 5292 dummodo
1079 5234 1135 5288 iam
1162 5233 1264 5306 possim
1287 5237 1419 5288 contentus
1444 5232 1534 5289 uiuere
1553 5250 1651 5307 parire.
1694 5225 1864 5289 Praeterea
1885 5222 1989 5306 ipsum
2011 5219 2071 5284 hoe
