4756 5892
1136 533 1339 628 „10-

369 737 424 820 qui
446 733 607 800 blanditur
629 735 722 801 senili
744 735 813 819 ipse
836 755 980 820 cor·pore;
1021 738 1075 803 ille
1101 737 1186 802 cnim
1213 757 1276 801 non
1307 735 1401 803 modo
1433 737 1675 821 intempestivae
1702 737 1891 822 salacitatis,
1925 739 1982 804 sed
2009 740 2106 806 etiam

370 837 529 905 mendacii
552 838 670 904 crimen
694 838 726 902 in
750 859 784 904 se
807 837 954 904 admittit.
1000 839 1089 918 Quae
1111 859 1208 922 quum
1230 841 1275 905 ita
1298 839 1370 922 sint,
1395 838 1538 904 datiuum
1561 849 1645 921 caput
1664 839 1881 922 recipiendum
1904 861 2027 908 censeo.
2067 843 2105 908 ln

372 940 506 1008 eandem
537 941 602 1006 fere
629 941 818 1006 sententiam
841 940 1016 1025 disputauit
1038 941 1330 1008 Drcnkhahniue
1353 943 1471 1026 (progr.
1495 940 1687 1026 paedagogii
1709 942 1876 1008 Putbusini
1896 963 1926 1008 a.
1952 947 2034 1010 1862
2057 943 2106 1011 ed.

368 1065 398 1128 p.
418 1043 462 1126 2),
486 1063 579 1126 quem
596 1043 713 1109 trustra
730 1043 936 1128 impugnasse
953 1043 1032 1108 milri
1050 1043 1175 1110 uidetur
1194 1045 1348 1111 Grttlius
1368 1045 1485 1129 (progr.
1504 1065 1611 1129 gymn.
1622 1045 1804 1110 lllemeliani
1818 1065 1847 1110 a.
1861 1047 1942 1112 1865
1957 1044 2005 1112 ed.
2019 1067 2049 1130 p.
2061 1048 2104 1130 d).

821 1285 870 1349 75.
915 1289 970 1348 Hic
991 1310 1039 1366 epo
1061 1292 1119 1350 duc
1140 1292 1264 1366 milesque
1285 1291 1384 1348 botius:
1405 1309 1453 1348 uos
1473 1293 1552 1366 alpurc
1573 1289 1702 1366 tubaeque

950 1393 991 1451 Ite
1006 1395 1112 1469 procul,
1134 1393 1239 1470 cupidis
1260 1394 1371 1450 1111111111
1386 1393 1458 1468 serto
1478 1395 1552 1461 uiru's,

907 1495 988 1553 Ferte
1010 1505 1034 1553 et
1055 1513 1135 1571 opes:
1156 1525 1199 1537 -

521 1658 746 1725 Animaduerte
768 1657 974 1724 artificiosam
996 1659 1058 1724 loci
1080 1665 1279 1724 structuram.
1324 1659 1422 1726 Cuius
1444 1659 1490 1725 rei
1512 1667 1624 1742 cupidos
1646 1663 1732 1727 uiros
1755 1662 1876 1744 citaret,
1901 1661 1934 1726 id
1952 1664 2135 1746 proximis.

368 1761 475 1828 uerbis
498 1760 725 1827 declarandum
752 1769 820 1827 erat
845 1769 972 1845 poetae,
1005 1771 1040 1826 ut
1061 1762 1086 1844 Ι,
1111 1764 1140 1844 8,
1163 1761 1206 1827 5ss
1232 1771 1288 1844 'psa
1310 1769 1384 1827 dedu
1405 1771 1511 1846 cupida
1527 1771 1628 1844 fallere
1648 1789 1727 1846 posse
1749 1771 1828 1838 ααας
1850 1767 1884 1846 9,
1908 1765 1949 1830 58
1972 1781 1996 1828 α
2012 1783 2107 1848 pateat

369 1871 473 1947 cupida
493 1889 597 1946 seraper
622 1881 720 1946 aperta
742 1871 845 1940 domus,
877 1863 919 1928 ud
946 1863 1030 1947 quod
1057 1884 1158 1948 genus
1189 1863 1374 1948 cupiditatis
1404 1873 1575 1948 spectetur,
1607 1866 1748 1931 etotius
1775 1865 1836 1931 loci
1869 1875 1981 1931 natura
2009 1867 2103 1932 l'acile

368 1965 479 2032 elucet.
525 1965 590 2032 Sed
612 1963 704 2050 παρὰ
725 1960 943 2050 προσδοκίαν,
976 1975 1010 2031 ut
1036 1966 1125 2031 aiunt
1153 1967 1281 2050 Graeci,
1316 1987 1388 2032 cum
1415 1967 1517 2033 ironia
1548 1967 1687 2050 quadam
1713 1968 1849 2052 primum
1877 1977 1988 2032 αοὶοαο
2021 1989 2103 2034 com-

368 2075 535 2152 memorat,
568 2077 602 2134 ut
628 2089 711 2151 quae
737 2069 921 2151 neutiquam
952 2069 1115 2153 cupientes
1142 2075 1249 2134 tamen
1276 2077 1361 2136 certo
1388 2077 1547 2154 reportent
1574 2070 1717 2136 bellicosi
1744 2071 1792 2135 illi
1822 2070 1974 2136 homines.
2020 2071 2102 2136 Turn

368 2169 494 2237 demum
517 2170 619 2236 addit:
643 2173 722 2237 l'erte
740 2171 846 2256 etiam,
870 2170 1017 2253 equidem
1035 2191 1098 2236 non
1116 2171 1254 2254 inuideo,
1278 2172 1321 2254 id,
1345 2172 1430 2254 qnod
1449 2193 1481 2238 re
1500 2193 1576 2238 uera
1595 2173 1719 2258 capitia,
1751 2172 1936 2238 diuitiarum
1959 2173 2104 2239 fructum.

1217 2625 1258 2700 ll.

521 2887 629 2970 Usque
647 2887 689 2953 ad
707 2907 832 2954 uersum
851 2909 968 2954 nonum
986 2909 1048 2972 quo
1067 2888 1137 2954 loco
1156 2895 1250 2971 poeta
1269 2890 1391 2956 uersari
1408 2911 1443 2956 se
1461 2889 1569 2973 fingat,
1589 2895 1679 2955 extra
1694 2909 1818 2955 omnem
1833 2890 1971 2973 positum
1985 2899 2033 2956 cst
2047 2889 2102 2954 du·

368 2989 565 3056 litationem.
610 2990 748 3055 Domum
771 2990 854 3056 cnim
877 3010 977 3074 suam,
1002 3011 1098 3074 quum
1121 2999 1195 3057 ante
1218 2992 1341 3058 amicae
1363 2993 1446 3058 fores
1469 2993 1633 3058 obseratas
1656 2999 1687 3058 ct
1710 2991 1884 3058 custoditas
1907 2993 2104 3075 aliquantum

368 3093 519 3177 temporis
542 3099 767 3176 exspectasset,
791 3092 866 3158 dum
888 3093 1157 3176 intromitteretur,
1181 3094 1350 3178 desperata
1372 3093 1458 3160 illius
1481 3095 1583 3160 noctis
1606 3095 1727 3160 Venere
1750 3093 1915 3178 discessit,
1940 3105 2104 3160 utranam

367 3221 448 3260 curas
472 3202 602 3278 depellere
622 3205 683 3259 αῑαα
707 3195 776 3278 (111.
800 3195 830 3280 5,
853 3196 918 3276 37).
963 3198 1049 3262 Inter
1071 3197 1186 3280 pocula
1209 3205 1315 3264 autern
1338 3195 1436 3262 durae
1458 3196 1545 3262 illius
1568 3197 1683 3262 ianuae
1706 3195 1890 3263 recordatus
1922 3201 2103 3277 erumpente

368 3297 417 3362 ira
439 3296 532 3378 quasi
554 3305 754 3380 praesentem
778 3317 848 3364 eam
871 3309 1067 3366 exsecratur:
1103 3289 1106 3296 ’

867 3460 956 3516 Ianua
978 3459 1094 3534 difficilis
1116 3461 1248 3530 damiatae,
1269 3469 1293 3518 te
1314 3459 1431 3517 uerberat
1452 3459 1542 3530 irater,

914 3561 952 3620 Το
973 3563 1046 3621 Iouis
1067 3565 1177 3640 irnperio
1195 3564 1313 3634 fulmina
1335 3565 1417 3619 mr'ssa
1435 3571 1537 3638 petant.

523 3707 605 3772 Tum
628 3707 741 3774 eadem
763 3709 956 3794 apostrophe
978 3711 1023 3775 ita
1045 3709 1161 3794 pergit:

867 3871 965 3940 Ιαααα,
986 3873 1041 3927 iam
1061 3879 1158 3946 puteus
1179 3873 1227 3927 aeui
1246 3869 1317 3940 milri,
1339 3874 1410 3930 uicto
1432 3872 1551 3946 querelis,

910 3971 973 4030 Il'eu
989 3973 1087 4045 furtim
1109 3991 1186 4031 uerso
1209 3973 1321 4030 cardine
1342 3983 1436 4049 aperta
1459 3990 1542 4028 sones.

520 4119 641 4184 Mutato
664 4119 762 4202 igitur
783 4125 912 4204 repente
930 4117 1044 4183 affectu
1062 4139 1083 4184 a
1101 4117 1310 4185 detestatione
1328 4119 1469 4184 animum
1488 4117 1643 4182 conuertit
1660 4115 1703 4181 ad
1720 4116 1944 4199 precationem.
1976 4112 2103 4193 Quidni,

367 4229 402 4288 ut
429 4221 632 4288 uehementer
664 4221 812 4286 commoti
844 4221 943 4286 animi
973 4223 1118 4287 amator?
1161 4223 1204 4287 At
1225 4222 1329 4287 locum
1352 4221 1446 4287 simul
1468 4219 1600 4285 mirifice
1621 4219 1765 4284 mutauit.
1809 4219 1893 4284 Nam
1916 4217 1974 4282 has
1995 4235 2105 4300 preces

365 4321 498 4390 fundere
519 4343 584 4390 non
606 4331 710 4407 potest
732 4321 795 4388 nisi
813 4329 902 4388 stans
924 4331 998 4388 ante
1021 4323 1125 4407 ipsam
1147 4325 1286 4405 ianuam,
1309 4331 1343 4389 ut
1360 4323 1528 4389 manifesto
1548 4329 1681 4407 apparet
1702 4343 1743 4388 ex
1761 4323 1876 4388 uocula
1898 4331 1953 4386 iam
1971 4320 2004 4384 in
2022 4319 2104 4383 lranc

367 4427 436 4494 sine
467 4427 565 4492 dublo
592 4426 782 4493 sententiam
813 4425 937 4491 addila:
979 4435 1052 4493 ..lam
1082 4434 1144 4490 riade
1165 4434 1200 4490 ab
1221 4434 1270 4491 loc
1291 4437 1416 4510 tcmpon's
1435 4444 1545 4509 pariclo,
1575 4453 1646 4490 nuuc
1672 4433 1780 4490 taudem
1802 4431 1935 4507 patescat.
1979 4423 2104 4503 Ergone

367 4529 462 4596 rediit
493 4530 537 4596 ad
557 4530 688 4595 ianuam
709 4530 823 4596 Deliae
846 4551 886 4596 ex
907 4529 1069 4612 potatione
1101 4528 1298 4594 domestica?
1342 4529 1472 4594 Minime
1494 4549 1578 4594 nero.
1623 4529 1704 4593 Eam
1735 4526 1797 4592 loci
1827 4524 2034 4591 mutationem
2065 4540 2104 4586 ne

367 4634 464 4698 uerbo
487 4632 615 4716 quidem
637 4631 812 4698 indicatam
834 4653 932 4698 sanae
954 4631 1069 4697 mentis
1090 4639 1204 4714 poetae
1226 4651 1319 4697 nemo
1341 4638 1445 4715 potest
1476 4631 1642 4715 imputare.
1686 4631 1737 4694 An
1769 4649 1895 4695 carmen
1926 4633 2026 4692 totum
2058 4629 2106 4688 est

367 4729 695 4818 παρακλαυσίθυρον,
718 4741 753 4800 ut
774 4734 869 4818 primi
892 4754 1017 4817 quoquc
1039 4741 1110 4800 octo
1132 4753 1243 4800 uersus
1266 4734 1324 4800 sub
1347 4733 1422 4800 diuo
1445 4735 1565 4800 cantati
1587 4733 1673 4800 sint?
1708 4733 1757 4798 Ne
1788 4732 1848 4798 hoc
1880 4728 2008 4813 quidem
2031 4747 2103 4792 con-

368 4837 526 4918 cesserim,
550 4855 732 4918 quanquam
750 4835 917 4902 Dlssenius
940 4837 1106 4920 amplexus
1124 4843 1181 4903 est.
1217 4837 1300 4901 Nam
1319 4837 1392 4903 licet
1411 4837 1541 4903 iuuenes
1559 4843 1634 4902 ante
1652 4836 1826 4900 amicarum
1846 4833 1956 4898 domos
1976 4837 2007 4896 et
2024 4831 2105 4896 bene

366 4940 435 5024 poti
458 4939 586 5022 saepius
609 4939 747 5022 grassati
770 4939 834 5005 sint
865 4939 935 5022 (ct'r.
960 4939 1052 5006 Ouid.
1076 4961 1138 5006 am.
1162 4940 1187 5022 Ι,
1211 4941 1241 5020 6,
1264 4940 1320 5020 19,
1352 4940 1445 5023 Prop.
1477 4941 1502 5022 I,
1528 4941 1576 5022 111,
1600 4939 1634 5022 5)
1657 4945 1689 5004 ct
1710 4938 1832 5004 exclusi
1855 4933 2014 5000 interdurn
2036 4955 2105 5017 per·

368 5041 568 5107 noctauerint
587 5039 656 5122 (cfr.
676 5040 835 5125 Aristoph.
847 5043 932 5107 Eccl.
949 5045 1026 5124 9033
1049 5043 1143 5126 Prop.
1161 5043 1187 5125 Ι,
1209 5044 1257 5124 lli,
1280 5043 1432 5125 23-46),
1448 5041 1528 5107 illud
1546 5042 1653 5108 nescio
1671 5063 1713 5106 an
1731 5037 1851 5106 nemini
1868 5037 2105 5120 persuadeatur,

367 5149 529 5228 potantem
552 5142 598 5208 ibi
619 5163 810 5226 quemquam
833 5153 993 5210 uersatum
1016 5165 1086 5211 esse
1104 5155 1135 5212 et
1152 5145 1276 5210 acriora
1295 5145 1410 5228 poeula
1429 5166 1449 5210 a
1467 5145 1610 5211 ministro
1626 5143 1811 5228 poposcisse
1830 5141 1870 5224 (1.
1889 5137 2103 5218 aduenarum),

368 5253 403 5311 ut
425 5245 571 5330 repulsae
594 5245 734 5312 dolorem
757 5247 945 5332 consopiret,
977 5248 1162 5331 praesertim
1185 5247 1218 5311 in
1240 5247 1357 5312 furtiuo
1385 5255 1504 5332 nuptae
1527 5267 1634 5313 amore
1661 5245 1748 5312 omni
1775 5264 1872 5328 opera
1895 5239 2027 5308 celando
2051 5238 2106 5322 (10

368 5373 418 5412 neu
438 5356 537 5429 furtim
564 5373 641 5414 cremo
671 5357 782 5414 cordiae
807 5367 904 5434 aperta
930 5375 1021 5424 soum,-
1054 5351 1093 5417 15
1114 5367 1142 5415 tu
1163 5375 1267 5432 quoquc
1292 5375 1325 5414 nc
1351 5358 1441 5416 timide
1462 5357 1596 5428 custodes,
1626 5355 1718 5426 Delta,
1743 5354 1835 5428 salle).
1879 5343 1970 5423 Quod
2001 5349 2107 5407 autem
