4756 5892
1171 466 1189 528 'l

313 693 412 758 genus
434 661 683 758 dnuvolr'qpcoc
705 671 783 745 (duta
806 706 847 714 -
870 675 1026 743 dammodo)
1049 669 1082 734 in
1105 669 1317 736 delectatione
1347 668 1446 735 luisse
1473 667 1599 734 videtur
1620 667 1765 750 Tibullo,
1797 674 1863 734 tam
1892 688 1988 752 saepe
2011 687 2049 734 eo

312 797 386 842 usus
408 782 464 840 est.

464 875 530 942 Sed
552 875 631 941 satis
652 895 811 960 superque
833 852 959 940 deuna
982 895 1025 958 rc,
1049 875 1196 958 quamuis
1219 874 1401 958 multiplici:
1427 873 1602 956 uideamus,
1626 873 1703 956 quid
1726 873 1871 940 effectum
1894 874 1944 940 sit.

773 1096 913 1162 Diuitias
936 1097 1018 1162 alius
1039 1095 1128 1161 fuluo
1151 1095 1213 1162 sibi
1235 1104 1386 1179 congerat
1408 1117 1485 1161 auro

824 1200 865 1264 Et
888 1205 994 1264 teneat
1016 1199 1093 1264 culti
1116 1200 1227 1282 iugera
1250 1200 1349 1264 multa
1372 1199 1442 1280 soli,

773 1301 874 1380 Quem
896 1301 987 1366 labor
1008 1299 1157 1366 assiduus
1179 1301 1285 1366 uicino
1308 1308 1424 1366 terreat
1445 1301 1545 1385 hoste,

825 1404 939 1468 Martia
962 1402 1014 1468 oui
1036 1423 1163 1469 somnos
1187 1402 1324 1468 classica
1346 1403 1439 1488 pulsa
1461 1403 1586 1487 lugent:

773 1507 824 1572 Me
845 1527 917 1572 mea
939 1514 1111 1590 paupertas
1134 1505 1202 1570 uita
1223 1505 1370 1571 traducat
1392 1507 1495 1588 inerti,
1740 1509 1760 1574 ὃ

709 1611 728 1674 6
824 1609 908 1673 Dum
930 1629 1019 1674 meus
1041 1608 1170 1674 assiduo
1193 1609 1300 1675 luceat
1322 1611 1395 1693 igue
1418 1611 1517 1692 locus,

687 1711 729 1776 25
773 1711 952 1778 Dummodo
974 1712 1039 1776 iam
1061 1712 1181 1795 possim
1204 1719 1370 1778 contentus
1391 1713 1501 1779 uiuere
1523 1733 1623 1798 paruo

825 1815 892 1880 Nec
915 1835 1038 1898 semper
1061 1815 1176 1898 longao
1198 1813 1325 1880 deditus
1348 1835 1418 1882 essc
1440 1816 1522 1898 uiae,

775 1916 839 1982 Sed
863 1917 959 1982 Oanis
982 1917 1122 1982 aestiuos
1145 1924 1232 1982 ortus
1254 1918 1357 1983 uitare
1379 1919 1438 1984 sub
1460 1920 1573 1985 umbra

826 2020 957 2085 Arboris
979 2019 1022 2085 ad
1043 2020 1129 2086 riuos
1152 2021 1382 2104 praetereuntis
1405 2041 1517 2104 aquae.
1723 2025 1761 2089 10

776 2123 843 2188 Nec
866 2129 974 2188 tamen
996 2122 1153 2188 interdum
1175 2121 1295 2208 pudeat
1317 2124 1456 2190 tenuisse
1479 2125 1624 2192 bidentes

827 2225 891 2292 Aut
913 2226 1041 2290 stimulo
1064 2225 1173 2290 tardos
1195 2225 1390 2310 increpuisse
1413 2229 1526 2310 boues;

775 2329 847 2394 Non
870 2350 1029 2413 agnamue
1052 2331 1124 2396 sinu
1147 2331 1256 2414 pigeat
1279 2331 1419 2396 fatumue
1442 2331 1585 2414 capellae

691 2433 733 2497 32
828 2433 996 2498 Desertum
1018 2433 1117 2498 oblita
1140 2442 1240 2498 matre
1263 2433 1378 2498 referre
1401 2433 1543 2516 domum;

711 2537 730 2600 ‘I
775 2535 847 2620 Ipse
870 2556 974 2601 seram
996 2543 1121 2600 teneras
1145 2543 1267 2600 maturo
1290 2541 1431 2618 tempore
1453 2535 1535 2602 uites
1723 2537 1761 2603 15

829 2639 977 2703 Rusticus
1000 2645 1031 2703 et
1052 2637 1142 2702 t'acili
1162 2637 1297 2720 grandia
1319 2657 1415 2721 poma
1437 2659 1543 2704 manu.

776 2740 843 2806 Neo
866 2761 940 2824 spes
962 2740 1123 2822 destituat,
1147 2740 1204 2806 sed
1226 2741 1352 2825 frugum
1376 2762 1501 2826 semper
1523 2763 1654 2808 aceruos

826 2844 984 2910 Praebeat
1005 2851 1036 2908 et
1058 2843 1152 2928 pleno
1174 2844 1308 2928 pinguia
1330 2853 1434 2910 musta
1457 2846 1538 2910 lacu.

775 2947 858 3012 Nam
882 2967 1023 3030 ueneror,
1047 2968 1104 3014 seu
1126 2949 1225 3032 stipes
1248 2949 1344 3014 habet
1366 2947 1509 3014 desertus
1531 2949 1565 3014 in
1587 2948 1683 3032 agris,

828 3049 892 3114 Seu
914 3057 1005 3115 uetus
1027 3050 1060 3114 in
1083 3050 1177 3115 triuio
1199 3049 1297 3116 florea
1319 3057 1404 3116 serta
1426 3050 1518 3134 lapis.
1720 3054 1762 3117 20

774 3153 815 3217 Et
837 3152 1058 3234 quodcumque
1080 3151 1158 3216 mibi
1176 3151 1293 3218 donum
1312 3173 1413 3218 nouus
1436 3152 1550 3219 educat
1572 3174 1684 3234 annue,

826 3255 975 3320 Libatum
997 3255 1171 3338 agricolam
1193 3255 1320 3340 ponitur
1341 3264 1415 3322 anto
1437 3255 1540 3322 deum.

774 3359 876 3423 Flauo
899 3358 1004 3440 Ceres,
1028 3358 1086 3423 tibi
1109 3358 1150 3422 sit
1173 3365 1279 3423 nostro
1303 3358 1342 3424 de
1365 3380 1436 3425 rure
1461 3381 1578 3426 corona

827 3460 952 3544 Spicea,
976 3481 1059 3542 quac
1082 3461 1192 3544 templi
1214 3461 1352 3544 pendeat
1374 3469 1448 3527 ante
1471 3463 1569 3546 t'ores;

774 3563 981 3645 Pomosisque
1003 3563 1098 3628 ruber
1120 3569 1226 3628 custos
1248 3571 1386 3646 ponatur
1407 3566 1439 3630 in
1462 3565 1570 3648 hortis,
1720 3567 1762 3632 25

830 3667 962 3732 Terreat
986 3673 1019 3731 ut
1042 3687 1141 3732 saeua
1162 3665 1245 3730 falce
1268 3666 1404 3750 Priapus
1426 3689 1512 3733 aues.

779 3769 843 3834 Vos
866 3789 1001 3852 quoque,
1024 3768 1127 3834 l'clicis
1151 3767 1321 3852 quondam,
1346 3789 1429 3834 nuno
1451 3771 1601 3855 pauperis
1624 3771 1694 3854 agri

828 3871 992 3954 Custodes,
1015 3871 1105 3938 fertis
1127 3891 1258 3936 munera
1280 3879 1396 3954 uestra,
1421 3875 1527 3940 Lares.

777 3977 867 4042 Tunc
890 3976 992 4047 uitulo
1013 3977 1195 4042 innumeros
1217 3975 1373 4040 lustrabat
1395 3997 1490 4042 caesa
1512 3977 1675 4060 iuuencos,

829 4079 920 4144 Nunc
941 4101 1029 4164 agna
1050 4079 1158 4163 exigui
1181 4087 1228 4144 est
1250 4079 1355 4144 hostia
1377 4099 1477 4163 parua
1499 4080 1568 4144 soli.
1722 4082 1764 4147 30

776 4183 870 4266 Agna
894 4182 986 4248 cadet
1009 4183 1109 4264 uobis,
1134 4203 1229 4264 quam
1253 4182 1371 4247 circum
1394 4182 1513 4247 rustica
1535 4183 1635 4266 pubes

830 4285 968 4350 Clamet:
992 4285 1023 4350 io
1046 4307 1165 4352 messes
1188 4293 1218 4352 et
1240 4287 1324 4352 bona
1346 4285 1422 4351 uina
1444 4284 1527 4351 date.

778 4387 821 4452 At
844 4408 900 4452 uos
923 4387 1040 4470 exiguo
1063 4389 1171 4472 pecori
1191 4389 1339 4471 furesque
1362 4388 1491 4472 lupique

693 4491 734 4554 27
833 4490 971 4555 Parcite:
996 4490 1035 4555 de
1058 4511 1174 4573 magno
1197 4490 1317 4574 praeda
1339 4491 1476 4574 petenda
1498 4512 1604 4574 grege.

696 4594 737 4657 28
781 4593 850 4658 Hoc
868 4613 928 4676 ego
947 4600 1169 4677 pastoremque
1187 4613 1291 4658 mcum
1310 4594 1445 4659 lustrare
1462 4595 1632 4676 quotannis
1722 4596 1763 4661 35

829 4696 869 4760 Et
891 4695 1053 4779 placidam
1076 4696 1162 4760 solco
1185 4715 1335 4779 spargere
1359 4697 1440 4762 laete
1463 4697 1582 4762 Palem.

778 4797 910 4880 Adsitis,
933 4798 1010 4880 diui,
1034 4819 1092 4864 nec
1115 4818 1173 4862 uos
1196 4797 1235 4862 de
1257 4819 1397 4884 paupere
1419 4819 1529 4866 mensa

832 4901 924 4966 Dona
947 4921 1006 4966 nec
1029 4921 1046 4966 c
1068 4900 1155 4985 puris
1178 4900 1317 4983 spernite
1340 4901 1497 4968 fictilibus.
