4756 5892
1232 525 1270 588 18

1149 609 1351 619 -—-—·—.—..

381 747 459 814 atquae
490 739 521 796 id
545 741 571 796 iu
598 739 703 812 malque.
747 728 810 796 Cir.
835 730 859 810 l,
884 731 934 808 18,
958 728 1000 794 34
1030 737 1091 810 ipso
1112 752 1171 792 aare
1194 735 1385 792 contemnenda
1410 754 1463 794 noo
1486 745 1535 806 est,
1571 741 1597 795 ai
1616 748 1640 796 et
1661 743 1844 800 auctoritatem
1870 743 1949 802 babet
1970 752 2118 820 1111111111,

380 852 410 901 ut
430 861 477 900 eae
497 851 559 899 sam
579 851 670 905 corta,
692 859 761 916 quaa
782 859 797 897 e
817 849 891 897 rma
917 839 1004 896 editas
1029 840 1191 914 1111111111.
1235 829 1361 908 Quanto
1392 839 1498 898 autem
1530 833 1563 898 in
1596 835 1713 901 honore
1743 835 1860 904 fuerim
1890 841 2117 911 Praenestinae

380 945 481 1004 sortes
504 937 600 1002 etiam
623 935 725 1020 primo
748 955 777 1018 p.
802 933 874 1001 Chr.
897 956 928 1000 n.
952 933 1090 1016 saecule,
1114 933 1217 998 elucet
1240 953 1257 998 e
1280 932 1366 999 Suet.
1390 935 1461 999 'lib
1485 937 1525 1001 63
1577 944 1669 1002 tiana
1691 947 1754 1004 arti
1772 951 1885 1008 omma
1906 953 1984 1008 atam
2007 953 2119 1012 macae

383 1056 491 1106 cenatas
515 1057 565 1103 est:
585 1046 635 1103 aeri
655 1047 791 1102 1111111111
812 1043 1050 1102 Praenestinarum
1072 1045 1181 1099 seruum
1203 1043 1312 1099 temlero
1333 1043 1437 1112 desubt,
1459 1065 1540 1120 quum
1562 1045 1716 1121 obar'qrmtas
1738 1049 1916 1128 derectusque
1932 1053 2048 1111 Romam
2065 1074 2117 1113 uon

385 1151 523 1226 reperisset
544 1151 570 1205 r'u
594 1166 675 1216 arra,
710 1147 762 1204 uici
781 1147 866 1202 relatu
888 1163 982 1202 mersus
1012 1144 1052 1200 ad
1076 1145 1209 1220 templum.
1253 1137 1370 1203 Demlt.
1397 1139 1436 1204 15
1480 1145 1658 1205 Praenestina
1680 1149 1807 1210 Fortuna
1832 1163 1884 1210 tote
1906 1157 2010 1230 imperii
2029 1161 2116 1232 spatio

383 1271 483 1308 aratrum
504 1269 603 1307 nouam
625 1249 821 1308 courmeuduatr'
840 1249 937 1304 laetam
960 1247 1124 1322 eandemque
1147 1265 1252 1323 aeuuper
1277 1257 1373 1306 sortem
1400 1249 1468 1306 dare
1494 1259 1614 1320 asanaa,
1645 1262 1760 1310 eutr-emo
1791 1257 1968 1314 tmitrbaa'mam
1997 1259 2116 1318 reddidit

379 1372 427 1410 uec
448 1357 505 1410 aare
524 1353 663 1428 1111911111
684 1353 819 1407 memmae.
863 1343 922 1406 His
945 1341 1023 1408 loeis
1046 1341 1215 1425 exscriptis
1238 1341 1292 1406 trix
1315 1343 1470 1426 estquod
1493 1344 1640 1411 adiciam.
1687 1347 1853 1416 Neminem
1879 1351 1977 1419 luisse
2000 1355 2114 1419 Roma-

378 1469 453 1514 num
476 1447 620 1528 arbitror,
644 1446 696 1512 cui
717 1445 836 1528 legenti
857 1471 955 1509 aceras
968 1453 1050 1527 pueri
1064 1462 1147 1509 aona
1169 1467 1232 1511 non
1250 1446 1357 1510 statim
1375 1445 1408 1511 in
1426 1455 1563 1513 mentem
1583 1450 1704 1515 uenerit
1723 1451 2000 1519 Praenestinarum
2023 1455 2115 1522 unice

378 1559 453 1616 tunc
476 1550 629 1615 nobilium
652 1548 793 1629 sortium,
817 1547 940 1614 uenerit
962 1547 1048 1612 Iouis
1070 1547 1218 1613 lactentis
1241 1549 1330 1631 pueri
1349 1549 1536 1631 cognomine
1560 1551 1703 1636 insignis,
1728 1555 1850 1620 uenerit
1871 1555 2008 1641 denique
2026 1561 2116 1642 pueri

379 1659 479 1719 sortes
501 1651 650 1734 tollentis,
674 1671 753 1733 quos
776 1650 886 1716 ambos
909 1671 972 1715 uno
994 1650 1150 1716 uocabulo
1173 1649 1278 1734 lepide
1304 1649 1485 1734 designavit
1508 1660 1612 1734 poeta.
1656 1653 1749 1732 Quod
1771 1656 1799 1722 si
1817 1678 1925 1722 verum
1948 1681 2018 1726 esse
2042 1683 2115 1728 con-

379 1755 522 1836 cesseris,
545 1761 580 1818 ut
601 1755 669 1819 lore
687 1772 789 1837 spero,
813 1751 897 1817 idem
916 1772 1040 1818 meeum
1058 1759 1290 1834 pentametrum
1308 1763 1491 1838 corruptum
1509 1775 1578 1822 esse
1596 1757 1760 1824 clamabis.
1805 1759 1969 1828 Muretus
1988 1763 2117 1846 quidem

377 1859 424 1924 ita
445 1877 561 1924 sanare
584 1855 646 1922 sibi
669 1856 757 1920 uisrrs
779 1861 828 1920 est
850 1855 969 1920 locum:
992 1861 1101 1920 11111111
1122 1880 1136 1918 e
1156 1865 1254 1919 trinta
1274 1865 1364 1920 omma
1386 1873 1458 1920 certo
1471 1883 1550 1940 puer.
1584 1859 1754 1942 Ingeniosa
1776 1863 1917 1946 profecto
1937 1875 2115 1932 correctura

378 1967 410 2026 et
432 1979 528 2044 quam
551 1957 632 2024 adeo
659 1978 814 2040 nequeam
843 1957 975 2023 certiore
1006 1958 1211 2038 submouere,
1243 1964 1278 2021 ut
1308 1957 1463 2024 submisse
1494 1965 1616 2025 tantum
1649 1967 1680 2026 et
1710 1963 1865 2046 pudenter
1895 1965 1975 2030 illud
2005 1977 2115 2034 contra

378 2062 483 2128 dicere
505 2060 650 2136 audeam,
674 2059 774 2126 latere
795 2060 931 2126 fortasse
953 2059 1105 2125 mendoso
1128 2060 1197 2124 leco
1221 2059 1249 2142 (e
1269 2059 1369 2144 uatis)
1392 2061 1592 2144 uocabulum,
1616 2081 1678 2146 quo
1701 2064 1882 2132 distinctius
1905 2068 2001 2134 etiam
2019 2071 2114 2138 Prae-

377 2166 520 2230 nestinus
543 2161 696 2230 sortiendi
718 2162 798 2226 ritus
820 2161 995 2246 denotetur,
1019 2169 1054 2227 ut
1075 2187 1090 2226 e
1111 2171 1211 2227 cletta.
1255 2161 1337 2226 Nam
1360 2183 1469 2228 aream
1491 2164 1611 2248 ipsam,
1638 2187 1701 2248 quo
1724 2167 1871 2234 conditae
1893 2179 1982 2236 erant
2004 2181 2112 2256 sortes,

357 2284 497 2350 'magna
520 2267 672 2349 religione
698 2265 798 2332 fuisse
829 2273 860 2330 et
883 2285 979 2348 supra
1009 2265 1144 2348 legimus
1175 2271 1207 2330 et
1229 2265 1408 2330 uotiuarum
1439 2265 1471 2330 in
1494 2266 1549 2332 illo
1572 2268 1690 2353 templo
1716 2291 1862 2336 arearum
1884 2292 1943 2338 usu
1975 2273 2029 2356 (de
2052 2297 2112 2360 quo

377 2369 432 2435 cfr.
456 2369 620 2435 Prelleri
642 2367 773 2452 mythol.
797 2368 929 2432 Roman.
953 2389 983 2450 p.
1007 2369 1070 2432 563
1092 2367 1141 2432 ed.
1165 2367 1211 2448 ΙΙ)
1243 2367 1459 2450 conlimnatur3
1501 2370 1652 2435 cistarum
1681 2379 1788 2438 autem
1819 2395 1933 2440 nemen
1960 2378 2043 2444 arcis
2066 2401 2110 2445 re-

376 2472 499 2555 ligiosis
522 2472 573 2536 uel
596 2471 740 2555 mysticis
762 2470 883 2552 imponi
905 2470 1007 2535 solere
1029 2470 1243 2550 notissimum
1266 2491 1325 2536 nee
1347 2471 1451 2538 minus
1474 2479 1583 2537 notum
1605 2474 1761 2557 pluralem
1783 2495 1948 2542 numerum
1971 2499 1990 2543 a
2010 2483 2111 2562 poetis

377 2575 537 2656 Romanis,
561 2573 615 2638 ubi
638 2592 740 2638 sermo
763 2581 811 2637 est
833 2571 872 2636 de
895 2572 995 2637 saeris
1018 2573 1111 2638 rebus
1139 2571 1332 2654 deorumque
1359 2574 1460 2656 cultu,
1490 2595 1548 2657 pro
1570 2575 1725 2658 singulari
1747 2577 1933 2662 saepissime
1957 2585 2111 2666 usurpari.

830 2813 878 2875 l't'.
923 2816 978 2876 Aut
999 2837 1048 2892 eqo
1069 2837 1127 2876 sam
1151 2826 1277 2876 causatus
1299 2839 1363 2876 aues
1385 2830 1432 2877 arrt
1453 2823 1542 2877 omina
1565 2820 1625 2878 dira

967 2919 1112 2978 Saamtm
1133 2941 1241 2979 sueram
1264 2939 1306 2979 me
1325 2923 1439 2979 tenuisse
1460 2923 1538 2981 diem.

527 3084 664 3150 Iudaeos
687 3104 869 3167 quanquam
887 3084 942 3149 illo
961 3092 1101 3170 tempore
1119 3086 1239 3150 Rornae
1257 3105 1407 3169 magnum
1425 3086 1655 3172 proselytorum
1674 3107 1837 3154 numerum
1855 3091 1969 3156 fecisse
1987 3111 2109 3157 eorum-

374 3187 537 3272 queritas
560 3195 591 3252 et
614 3187 824 3253 caerimonias
847 3187 891 3252 ita
915 3187 948 3252 in
970 3188 1046 3252 urbe
1071 3187 1303 3272 percrebruisse
1326 3195 1358 3253 et
1380 3187 1553 3254 incaluisse
1576 3196 1709 3270 constat,
1733 3198 1767 3256 ut
1789 3193 1881 3256 multi
1899 3193 2111 3260 Sabbatorum

375 3293 478 3375 legem
500 3289 648 3374 religiose
670 3289 885 3371 obseruarent,
908 3289 1052 3354 nonnulli
1075 3289 1171 3355 etiam
1189 3289 1308 3354 tributa
1329 3297 1361 3354 et
1379 3290 1477 3374 stipes
1495 3292 1716 3378 Hierosolyma
1739 3293 1772 3358 in
1790 3295 1947 3359 aerarium
1965 3307 2108 3362 sanetum

374 3394 561 3476 conferrent,
585 3399 691 3458 tamen
713 3412 795 3474 quac
817 3391 857 3458 de
880 3393 940 3457 hac
964 3413 996 3457 rc
1019 3392 1165 3458 Tibullus
1193 3391 1252 3456 hoc
1278 3392 1347 3456 loeo
1374 3393 1514 3477 prolerre
1541 3394 1674 3478 uidetur,
1707 3395 1796 3460 dubii
1818 3396 1969 3478 quiddam
1992 3398 2109 3465 habent

374 3504 405 3564 et
427 3495 560 3560 mirifici.
605 3495 745 3560 Primum
773 3491 857 3562 eninr
884 3515 979 3577 quum
1006 3495 1085 3560 alibi
1112 3496 1276 3576 antiquam
1308 3495 1340 3558 in
1368 3495 1436 3560 deis
1463 3495 1605 3562 colendis
1632 3497 1727 3562 fidem
1753 3505 1784 3562 11
1811 3517 1930 3562 morem
1957 3499 2109 3582 declarat,

373 3609 439 3664 tum
462 3599 495 3664 iu
519 3598 578 3662 boe
601 3597 740 3662 carmine
763 3596 879 3663 diserte
902 3605 933 3663 et
955 3597 1123 3663 manifesto
1147 3598 1260 3663 Deliae
1283 3597 1413 3680 Isidem,
1441 3597 1655 3664 aduenticiam
1678 3599 1779 3680 deam,
1804 3601 1968 3666 ueneranti
1990 3604 2108 3686 patrie-

373 3721 442 3767 rum
464 3701 653 3786 publiceque
676 3707 872 3785 receptorum
894 3698 1024 3765 deorum
1047 3701 1199 3766 cultorem
1222 3720 1256 3765 se
1279 3700 1383 3784 ipsum
1406 3701 1546 3786 opponit,
1570 3721 1666 3782 quum
1689 3700 1778 3765 dicit:

838 3860 913 3929 qaia
933 3870 990 3917 tau
1011 3879 1081 3918 nuuc
1103 3861 1154 3918 lara
1175 3861 1252 3928 milti,
1274 3859 1371 3931 Delia,
1397 3862 1465 3934 qaid
1484 3861 1549 3918 mati
1563 3869 1677 3936 preeunt

883 3964 940 4021 Illa
960 3973 1007 4020 tau
1028 3965 1119 4020 totiena
1141 3981 1206 4020 aera
1227 3964 1336 4038 rqralm
1353 3969 1454 4020 mauu?

831 4167 869 4226 At
890 4169 955 4225 mebi
975 4171 1109 4244 eentbrqat
1125 4170 1258 4244 patrios
1279 4167 1412 4226 celebrare
1428 4168 1544 4226 Penates

882 4271 1059 4346 Reddereque
1080 4274 1211 4346 antiquo
1233 4279 1370 4328 mamaea
1390 4277 1453 4327 tura
1475 4270 1556 4328 Lari.

525 4417 610 4483 Illud
631 4437 707 4483 uero
730 4419 826 4482 etiam
850 4417 988 4501 grauius.
1034 4417 1231 4498 Quicumque
1257 4417 1313 4482 alii
1339 4417 1465 4482 illoram
1492 4425 1668 4504 temporum
1695 4427 1808 4504 poetae
1835 4421 1977 4486 eiusdem
1999 4437 2104 4500 super-

370 4521 507 4588 stitionis
540 4521 728 4606 peregrinae
761 4520 954 4586 mentionem
985 4519 1140 4600 fecerunt,
1181 4527 1236 4584 aut
1264 4519 1476 4585 Sabbatarum
1508 4523 1635 4588 nomine
1662 4529 1717 4586 aut
1746 4521 1810 4586 alio
1839 4523 1932 4588 modo
1960 4518 2105 4585 distincte

370 4623 631 4710 peregrinitatem
654 4623 700 4688 rei
727 4622 971 4704 denotaucrunt,
1003 4627 1037 4685 ul
1060 4620 1152 4688 Ouid.
1176 4643 1205 4687 a.
1229 4643 1258 4687 a.
1282 4623 1306 4704 I,
1332 4625 1386 4702 763
1422 4629 1551 4704 Cultaque
1571 4631 1674 4688 Iudaeo
1694 4633 1808 4706 septim
1828 4651 1910 4691 saera
1933 4629 2016 4701 8,va
2041 4621 2106 4686 415

374 4733 487 4809 eraque
514 4733 557 4791 die
583 4733 701 4804 redama,
728 4732 807 4790 relus
833 4736 920 4790 murra
942 4741 1007 4808 apta
1029 4731 1166 4805 perendie,
1197 4731 1275 4790 cuba
1297 4731 1453 4790 Palaestine
1474 4736 1587 4807 septim
1608 4750 1691 4790 samu
1712 4733 1798 4808 Syre,-
1824 4725 1938 4793 remed.
1962 4743 2023 4786 am.
2047 4725 2089 4788 22

369 4835 430 4894 Nec
455 4846 480 4893 te
503 4837 649 4912 pereqrirra
678 4845 813 4892 mereumr
839 4835 976 4900 Sabbatar
1014 4827 1123 4892 Horat.
1147 4835 1207 4894 sal.
1231 4829 1255 4910 I,
1284 4829 1314 4908 9,
1342 4830 1383 4893 69
1413 4834 1492 4892 bodie
1516 4835 1651 4890 bauaima
1672 4832 1809 4902 Sabdarm
1859 4830 1967 4892 quen.
1994 4827 2042 4908 14,
2065 4829 2107 4892 96

374 4936 494 5006 Quadam
522 4939 610 4995 sortiti
637 4946 791 4995 metuentem
814 4937 936 4996 Sabbata
963 4945 1085 5012 praevar
1128 4930 1215 4996 Pers.
1239 4930 1273 5014 5,
1302 4931 1364 4995 184
1394 4937 1568 5010 Recuataque
1593 4933 1715 4994 salama
1743 4940 1836 5014 pallea.
1878 4928 1966 4993 Haec
1997 4928 2103 4994 celeri.

370 5031 456 5110 Quid
473 5033 642 5098 Tibullus?
664 5033 767 5099 Prisci
785 5033 936 5098 Italorum
960 5039 992 5098 et
1014 5032 1185 5116 indigenae
1207 5033 1268 5114 dei,
1292 5031 1422 5098 Satnmi
1445 5031 1572 5098 nomine
1593 5031 1710 5098 festum
1727 5032 1915 5098 ludaeorum
1938 5030 2022 5096 diem
2040 5031 2103 5113 sig

368 5133 487 5200 nificat.
532 5135 582 5200 An
605 5135 690 5218 qnod
712 5135 838 5220 septimi
861 5133 1070 5202 hebdomadis
1092 5134 1157 5201 diei
1183 5135 1335 5201 usitatum
1362 5142 1431 5202 erat
1457 5134 1537 5200 illud
1559 5136 1695 5201 nemen?
1734 5135 1776 5198 At
1797 5133 2026 5218 Aegyptiorum
2047 5131 2102 5196 illa

368 5236 603 5304 hebdomadum
624 5239 706 5304 ratio
729 5247 761 5304 et
783 5237 955 5324 descriptio
978 5245 1241 5323 septenorumque
1263 5236 1384 5303 dieram
1407 5259 1428 5303 a
1450 5237 1550 5304 stellis
1573 5236 1751 5303 errantibus
1773 5235 1872 5321 petita
1894 5236 2023 5302 nomina
2045 5233 2104 5298 etsi

368 5345 445 5406 nota
466 5347 541 5406 tunc
564 5347 654 5406 crant
676 5340 838 5423 Romanis,
863 5347 970 5408 tamen
992 5339 1132 5407 nondum
1151 5347 1312 5406 cesserant
1333 5341 1366 5406 iu
1384 5359 1582 5408 communem
1603 5359 1704 5405 usum.
1750 5339 1840 5419 Quae
1862 5359 1958 5423 quum
1979 5339 2024 5403 ita
2042 5335 2105 5401 sint
