4756 5892
807 1091 835 1154 7.
880 1095 944 1154 Νοη
964 1115 1049 1168 soror,
1080 1097 1206 1171 Assyrios
1229 1098 1313 1154 cimmi
1332 1113 1402 1172 quae
1423 1095 1506 1154 dedat
1527 1096 1630 1152 odores.

505 1242 569 1308 Cur
591 1249 656 1307 dodi
676 1241 789 1308 odores
816 1242 936 1307 dictum
959 1243 1029 1308 est?
1060 1243 1128 1308 Neo
1149 1243 1302 1309 usitatum
1323 1242 1357 1307 in
1379 1241 1441 1306 hac
1463 1261 1497 1307 re
1519 1241 1711 1306 uocabulum
1733 1261 1793 1306 nec
1814 1261 1870 1306 car
1892 1241 1995 1326 magis
2017 1243 2085 1324 pla-

350 1343 452 1409 cuerit
472 1351 587 1428 poetae
609 1365 706 1427 quam
727 1352 850 1422 madere,
873 1344 958 1427 quod
979 1346 1107 1430 proprie
1124 1365 1233 1410 eoram
1252 1353 1308 1426 est,
1332 1345 1386 1427 qui
1405 1343 1513 1409 debita
1531 1343 1668 1426 soluunt,
1694 1343 1790 1410 facilc
1808 1343 2084 1410 demonstraberis.

348 1445 462 1528 Itaque
484 1445 613 1530 factum,
637 1453 672 1511 ut
694 1447 792 1512 uariis
815 1447 1090 1513 emendationibus
1112 1449 1200 1514 locus
1219 1455 1392 1514 tentaretur
1413 1447 1487 1512 aliis
1508 1453 1617 1524 reddor,
1639 1445 1713 1512 aliis
1731 1453 1837 1525 conda,
1859 1447 1932 1512 aliis
1950 1446 2088 1528 deniqne

344 1555 451 1629 fimum
482 1549 721 1614 conicientibus.
767 1547 844 1632 (Cir.
868 1549 1056 1615 Huschkii
1087 1550 1129 1616 ad
1151 1550 1181 1615 b.
1206 1550 1225 1614 l.
1249 1548 1511 1632 annotationem.)
1551 1549 1775 1615 Verumtamen
1798 1556 1920 1615 mutare
1942 1569 2001 1632 ego
2023 1569 2087 1614 non

349 1651 462 1716 ausim.
507 1651 590 1716 Nam
621 1650 755 1717 fortasse
786 1671 857 1716 earn
889 1652 978 1718 uerbi
1008 1652 1075 1717 uim
1105 1652 1227 1737 percipi
1249 1651 1351 1717 uoluit
1381 1659 1489 1735 poeta,
1530 1659 1565 1717 ut
1595 1651 1727 1735 largiter
1756 1657 1852 1733 atquc
1882 1651 2015 1735 prodige
2046 1651 2087 1715 ob

349 1753 500 1836 pietatem
531 1773 619 1819 soror
641 1753 754 1820 odores
776 1755 923 1836 quamuis
945 1755 1101 1838 pretiosos
1123 1755 1248 1839 pulueri
1275 1762 1307 1820 et
1338 1755 1469 1820 umbrae
1491 1753 1652 1820 effundere
1680 1753 1843 1819 uideretur
1874 1753 2086 1837 (preisgeben,

348 1855 518 1940 hingeben,
546 1855 680 1939 opfcrn).
725 1857 794 1922 lam
826 1877 901 1922 aero
931 1857 1011 1922 illud
1041 1857 1181 1924 dubitari
1212 1879 1275 1924 non
1306 1864 1418 1940 potest,
1459 1856 1545 1939 quod
1575 1877 1676 1940 genus
1698 1855 1911 1940 parentalium
1932 1855 2087 1921 donomm

350 1957 552 2042 significetur.
598 1959 724 2024 Etenim
747 1978 843 2041 quarn
866 1967 913 2024 ter
944 1960 1072 2026 omnino
1103 1961 1242 2042 liquores
1273 1959 1423 2026 odoratos
1454 1967 1486 2024 et
1516 1967 1678 2042 unguenta
1701 1959 1837 2044 Syriaca
1859 1959 2088 2042 consanguinei

352 2081 502 2145 spargere
524 2061 611 2126 soliti
628 2061 693 2126 sint
714 2069 907 2127 mortuorum
930 2062 963 2126 in
985 2061 1146 2146 honorem,
1177 2063 1314 2148 primum
1336 2063 1369 2126 in
1391 2081 1503 2146 rogum
1525 2069 1729 2145 exstructum,
1752 2043 1937 2146 piiusquam
1960 2082 2090 2147 corpore

349 2150 498 2251 imposito
521 2164 773 2246 succenderetur,
797 2173 831 2230 ut
853 2165 989 2248 legimus
1005 2165 1097 2251 apud
1120 2165 1199 2232 Stat.
1223 2167 1294 2232 silu.
1317 2167 1359 2249 ΙΙ,
1386 2171 1412 2249 l,
1437 2167 1497 2233 157
1521 2185 1588 2248 sqq.

937 2341 1012 2411 Quid
1032 2361 1081 2418 cqc
1102 2346 1242 2419 eccequiao
1263 2353 1288 2402 ct
1304 2344 1425 2420 prodiqa
1444 2344 1561 2412 mama

808 2443 893 2502 Dona
914 2446 1027 2520 loquar!
1048 2475 1091 2484 -

816 2530 899 2616 Quod
922 2546 1034 2606 Cilicum
1047 2549 1141 2621 floreo,
1163 2549 1237 2624 quod
1257 2567 1368 2608 mumma
1389 2550 1521 2623 prumiam
1542 2548 1614 2618 Indi,

816 2649 945 2724 Quodque
966 2651 1073 2708 Arabes
1093 2650 1242 2726 Phariique
1262 2651 1462 2726 Palaestinique
1482 2652 1598 2725 liquores

809 2751 946 2810 Arsurum
967 2754 1060 2810 lauare
1081 2761 1205 2812 comum?

349 2897 465 2966 deinde
488 2905 626 2965 cremato
649 2917 780 2984 corpore
802 2906 834 2963 et
856 2899 998 2965 collectis
1021 2899 1146 2966 ossibus
1169 2919 1233 2965 una
1264 2920 1336 2965 cum
1367 2899 1473 2966 cinere
1495 2900 1526 2964 in
1555 2919 1680 2984 urnam,
1715 2907 1750 2964 ut
1771 2907 1904 2986 apparet
1927 2921 1967 2966 cx
1993 2899 2088 2966 Ouid.

281 3059 285 3066 ,
349 3003 444 3069 Trist.
467 3003 525 3087 III,
548 3003 578 3082 3,
601 3003 643 3068 69
664 3021 711 3084 sq.

809 3145 897 3220 Atque
918 3165 949 3203 co
972 3141 1059 3218 (ossa)
1083 3165 1144 3204 cum
1160 3147 1237 3221 soliis
1257 3154 1281 3204 et
1301 3149 1402 3204 amomi
1416 3147 1528 3224 pulum-e
1549 3149 1630 3205 misce

860 3248 945 3322 Inque
964 3248 1116 3306 surburbana
1138 3248 1246 3308 condia
1264 3266 1335 3326 poue
1355 3251 1419 3320 solo,

349 3396 486 3479 denique
508 3395 636 3461 condita
658 3413 738 3460 urna
760 3395 793 3460 in
815 3393 955 3460 turibula
976 3403 1008 3460 et
1025 3393 1222 3480 myrothecia
1244 3415 1282 3460 eo
1301 3395 1371 3480 ipso
1390 3396 1523 3462 consilio
1541 3395 1683 3462 interiori
1705 3396 1737 3461 in
1757 3396 1901 3480 sepulcro
1920 3392 2085 3478 disposita,

349 3507 385 3564 ut
406 3499 460 3580 qui
483 3498 650 3564 uisitarcnt
671 3505 923 3579 monumentum,
951 3496 1132 3563 suffimenta
1154 3517 1191 3563 eo
1214 3496 1341 3576 darent,
1365 3498 1455 3564 cuius
1477 3498 1522 3564 rei
1545 3507 1576 3564 et
1597 3507 1760 3584 poetarum
1784 3497 1855 3580 loci,
1878 3503 1913 3560 ut
1935 3496 2005 3560 Tib.
2029 3495 2087 3578 111,

348 3605 378 3686 ⁴2,
402 3604 443 3666 23
462 3621 529 3685 sqq.

716 3741 776 3802 Illic
798 3736 838 3820 (in
861 3761 1011 3801 marmoreo
1033 3741 1168 3819 sepulcro)
1189 3763 1258 3819 quac
1279 3748 1355 3804 minii
1376 3747 1451 3805 dium
1472 3747 1616 3804 Panchaia
1637 3763 1737 3803 mercca

768 3847 875 3920 Eoique
895 3843 1003 3902 Arabes
1020 3847 1131 3922 pinquis
1152 3855 1176 3903 ei
1197 3845 1321 3922 Assyria,

719 3949 760 4007 Et
780 3951 866 4007 nostri
885 3967 1013 4006 memores
1035 3951 1163 4007 taurinae
1179 3949 1337 4023 suadentur
1358 3951 1464 4008 codena:

769 4050 818 4110 Sic
841 4070 888 4126 eqo
910 4053 1034 4127 componi
1053 4069 1146 4109 ueram
1167 4053 1196 4108 im
1218 4070 1279 4110 ossa
1301 4054 1388 4124 aelim,

506 4200 599 4285 Prop.
623 4199 677 4280 IV,
703 4199 752 4282 15,
775 4199 817 4264 23
840 4219 886 4281 sq.

764 4358 865 4434 Afferct
885 4359 953 4416 laec
975 4354 1116 4432 (Cyntinia)
1138 4369 1273 4434 unqumta
1294 4360 1360 4418 milri
1379 4361 1505 4436 sertisque
1525 4362 1675 4436 sepulcrum

820 4461 933 4520 Ornabit
955 4471 1042 4520 custos
1063 4462 1104 4519 ad
1124 4481 1184 4520 meu
1205 4461 1283 4518 busta
1303 4461 1399 4520 sedem

351 4618 383 4678 et
404 4611 477 4696 ipsa
498 4611 555 4677 illa
577 4631 657 4676 uasa
680 4609 891 4694 unguentaria
913 4609 1093 4675 testimonio
1116 4615 1202 4689 sunt,
1230 4629 1313 4691 quae
1339 4609 1439 4674 multa
1467 4610 1500 4674 in
1527 4611 1687 4676 ueteribus
1710 4608 1864 4693 sepulcris
1887 4613 2011 4693 reperto
2033 4623 2086 4668 cx-

352 4721 438 4779 stant
469 4713 538 4797 (cfr.
563 4714 685 4797 Marqu.
710 4712 830 4794 antiqu.
854 4713 986 4778 Roman.
1011 4711 1048 4794 V,
1073 4715 1101 4794 l,
1125 4733 1155 4796 p.
1178 4711 1255 4792 369)
1279 4749 1319 4757 -
1342 4711 1392 4778 his
1415 4713 1516 4777 tribus
1538 4711 1686 4777 sutiicndi
1717 4711 1887 4794 generibus
1909 4705 2089 4774 constitutis

352 4815 394 4881 ad
416 4817 543 4882 tertium
570 4836 678 4882 eorum
709 4815 793 4880 bunc
821 4816 925 4880 locum
956 4815 1113 4898 pertinere
1144 4815 1250 4896 liquet.
1296 4813 1454 4892 Quoniam
1486 4814 1571 4880 euim
1602 4813 1696 4878 matri
1728 4813 1836 4898 priora
1867 4807 2088 4890 exsequiarum

352 4918 458 4984 officia
479 4919 633 4984 attributa
654 4925 736 5001 sunt,
769 4917 911 5000 ossilegii
933 4916 1005 4980 dico
1028 4917 1071 4999 (ιι.
1096 4915 1125 4981 5.
1149 4915 1193 4998 u),
1225 4917 1327 4981 altera
1349 4937 1450 4999 eaque
1472 4917 1505 4981 in
1529 4915 1655 4998 longius
1679 4923 1804 5001 tempus
1826 4909 1992 4996 explenda,
2020 4911 2088 4993 qui-

351 5021 411 5086 bus
432 5041 495 5087 non
518 5021 622 5086 minus
645 5041 741 5104 quam
763 5019 828 5085 illis
850 5019 1008 5102 obligatos
1030 5039 1064 5084 sc
1086 5019 1242 5104 putabant
1264 5025 1396 5101 ueteres,
1428 5027 1511 5084 recte
1533 5017 1725 5104 procedente
1747 5039 1781 5083 re
1807 5013 1906 5082 sorori
1934 5012 2088 5078 mandan-

351 5130 412 5208 tur,
435 5129 471 5188 ut
492 5144 740 5208 nonnumquam,
773 5122 911 5186 maxime
933 5119 1021 5185 feriis
1045 5120 1243 5186 denicalibus
1270 5129 1302 5186 et
1324 5121 1436 5187 dicbus
1458 5122 1694 5208 parentalibus,
1729 5119 1771 5184 ad
1794 5115 1973 5201 sepulcrum
1996 5115 2089 5182 donis

351 5235 383 5292 ct
405 5225 546 5292 lacrimis
568 5226 678 5292 amissi
700 5224 808 5290 fratris
830 5223 1015 5289 memoriam
1038 5223 1165 5288 recolat.
1211 5218 1303 5302 Quod
1331 5225 1359 5289 si
1387 5232 1471 5290 recte
1494 5225 1636 5310 exposui,
1669 5220 1853 5304 llisscnii,
1885 5218 2088 5299 Huscbkii,

351 5329 486 5394 aliorum
509 5328 674 5414 opiniones
697 5326 812 5394 cedant
834 5333 966 5413 oportet.
