4756 5892
1161 433 1182 496 3

1066 519 1271 530 ..—

455 640 651 725 Gruppius
674 638 739 723 (dic
761 637 918 704 romische
940 637 1059 722 Elegio
1073 638 1099 721 l,
1122 657 1153 721 p.
1178 636 1268 720 len:

744 798 824 856 Docb
845 801 898 856 mir·
918 797 997 856 litter
1021 798 1115 856 berete
1136 797 1179 855 die
1199 796 1298 856 Armet
1324 799 1453 871 0111001900
1475 795 1582 862 Labore

455 965 641 1031 Binderus
664 963 791 1047 (Albius
808 962 965 1028 Tibullus.
1010 961 1153 1026 Deutsch
1171 961 1203 1024 in
1222 960 1278 1026 der
1295 960 1472 1026 Versweise
1491 959 1547 1026 der
1565 960 1730 1027 Urschrift.
1756 961 1913 1047 stuttgart
1926 963 2035 1048 1862):

723 1125 801 1182 Mieb
820 1125 873 1182 solt
891 1124 992 1199 lorpes·
1012 1124 1105 1181 Recita
1131 1121 1234 1179 mtblm
1260 1121 1359 1180 darete
1380 1121 1474 1179 Laden
1500 1122 1616 1195 polonien.

459 1289 660 1355 Dissenius
683 1289 730 1354 sie
751 1289 994 1372 interpretatur:
1021 1293 1088 1352 Cum
1110 1294 1177 1350 alios
1194 1303 1345 1369 paupertas
1366 1293 1408 1350 ad
1427 1293 1547 1350 malitiam
1568 1293 1666 1362 trabat,
1687 1303 1715 1352 ut
1737 1294 1845 1352 (110111αο
1865 1295 1918 1354 riti
1935 1307 2038 1372 parcnt,

302 1419 345 1459 me
366 1419 425 1458 mea
446 1418 498 1457 eon
521 1398 622 1474 cupide
638 1407 789 1474 paupertas
811 1405 835 1454 et
851 1416 942 1472 pereo
965 1404 1084 1454 contecta
1106 1395 1275 1453 mmiocntas
1296 1395 1336 1451 ad
1356 1397 1437 1452 otiam
1455 1397 1545 1470 potius
1565 1413 1686 1453 securem
1707 1397 1842 1454 1101101001.
1885 1390 2039 1457 Similiter

302 1495 403 1560 Frid.
426 1495 591 1560 Haasius
615 1492 693 1576 (ind.
716 1493 787 1558 leet.
811 1491 955 1558 Vniuers.
975 1491 1146 1558 Vratislau.
1166 1509 1195 1554 a.
1216 1490 1300 1556 1855
1318 1489 1366 1555 ed.
1385 1511 1415 1574 p.
1438 1489 1500 1572 14).
1545 1491 1726 1576 Perperam,
1745 1492 1778 1556 ni
1796 1491 1899 1576 fallor,
1919 1514 2037 1560 omnes.

302 1599 352 1663 An
375 1597 489 1663 inertia
510 1596 591 1661 nihil
613 1595 717 1660 differt
739 1615 759 1660 a
781 1595 1011 1676 tranquillitate
1034 1603 1065 1659 01
1087 1593 1174 1659 01ἰοῖ
1212 1593 1332 1658 Inertis
1354 1613 1479 1676 semper
1506 1592 1628 1675 aliquid
1655 1594 1909 1678 reprehensionis
1931 1595 2037 1680 habet,

300 1709 335 1766 ut
352 1701 381 1767 ci
399 1699 565 1780 obiciatur,
585 1697 640 1780 qui
653 1697 751 1763 alicui
766 1697 895 1780 negotio
914 1694 1116 1779 exsequendo
1134 1697 1238 1780 impar
1255 1716 1325 1761 esse
1343 1695 1468 1762 uidetur
1486 1695 1662 1780 (nntnhig);
1682 1696 1737 1761 cir.
1748 1696 1832 1763 infra
1850 1718 1880 1763 u.
1896 1697 1937 1764 58
1951 1707 2039 1780 seque

299 1813 419 1885 inersque
439 1827 534 1874 eccm
557 1802 596 1865 71
619 1809 691 1864 ezerr
708 1815 791 1864 aeas.
828 1800 940 1882 Itaque
962 1809 1032 1864 iners
1053 1808 1110 1863 ortu
1127 1799 1188 1864 hoo
1210 1799 1280 1865 loco
1299 1800 1367 1865 eius
1390 1807 1446 1883 est,
1470 1799 1525 1881 qui
1552 1799 1637 1882 quod
1659 1800 1806 1866 militiam
1829 1801 1985 1867 detrectat
2007 1809 2039 1868 et

198 1901 204 1914 '
299 1904 431 1970 diuitias
453 1903 538 1968 bello
561 1910 728 1986 congestas
751 1902 895 1987 despicit,
918 1901 1041 1967 nullum
1063 1901 1146 1968 inter
1167 1901 1254 1967 ciues
1277 1901 1398 1968 obtinet
1420 1921 1585 1967 numerum
1609 1901 1674 1985 (ein
1698 1902 1821 1968 thaten-
1844 1903 1911 1968 und
1932 1904 2037 1969 ruhm-

298 2009 384 2073 loses
406 2005 538 2088 Leben).
582 2005 813 2088 Conjunetiuus
836 2011 943 2070 autem
962 2007 1117 2084 (00010001)
1134 2025 1198 2070 non
1220 2003 1370 2088 optantis,
1394 2004 1452 2069 scd
1474 2003 1676 2070 concedentis
1699 2012 1756 2087 est,
1779 2012 1927 2088 totusque
1949 2007 2038 2072 locus

299 2110 347 2174 ita
374 2107 540 2192 explanari
561 2106 668 2172 debet:
714 2107 845 2190 „Patiar
874 2128 925 2172 me
952 2113 1081 2192 propter
1102 2107 1235 2172 militiae
1258 2107 1519 2172 detrectationem
1542 2112 1574 2173 01
1601 2114 1820 2191 paupertatem
1843 2129 1947 2175 meam
1970 2109 2039 2175 sine

300 2217 583 2294 rerumgestarum
602 2209 707 2290 laude,
727 2209 797 2275 sine
815 2210 933 2275 honore
952 2217 983 2275 et
1001 2208 1157 2292 dignitate
1175 2209 1275 2274 uitam
1293 2207 1418 2292 degere,
1438 2208 1609 2275 dummodo
1628 2209 1708 2274 eet.“
1744 2211 1878 2294 Degere,
1898 2213 2038 2296 inquam,

300 2313 409 2378 uitam.
454 2312 581 2377 Etenim
606 2321 664 2376 uita
685 2321 774 2388 eree,
807 2312 862 2394 qui
889 2313 1049 2378 ablatiuus
1072 2332 1166 2394 quem
1188 2317 1304 2376 uocant
1326 2311 1399 2378 uiae
1422 2319 1483 2394 est,
1521 2332 1585 2376 non
1607 2321 1678 2376 atae
1699 2321 1779 2378 inerti
1797 2321 1940 2378 traducere
1961 2316 2037 2380 scri-

300 2415 439 2482 bendum
461 2416 539 2480 mihi
560 2423 786 2501 persuaserunt
808 2417 892 2481 Luc.
916 2416 1098 2482 Mllllerus
1126 2413 1272 2498 (praefat.
1296 2412 1371 2479 edit.
1395 2414 1466 2478 Tib.
1489 2435 1519 2498 p.
1543 2415 1628 2498 VIII,
1657 2414 1712 2480 ct'r.
1735 2435 1766 2500 p.
1789 2415 1863 2500 XV)
1886 2423 1916 2482 01
1938 2417 2036 2482 Frid.

300 2518 463 2585 Haasius
482 2517 555 2601 (1.1.
575 2539 605 2602 p.
626 2519 691 2600 13).

452 2622 531 2686 Post
552 2641 633 2687 uers.
653 2623 673 2686 6
691 2620 791 2686 Frid.
810 2621 990 2704 Haasius,
1014 2619 1160 2686 acerrimi
1186 2619 1307 2702 ingenii
1333 2620 1395 2704 uir,
1424 2620 1513 2686 cuius
1541 2620 1680 2703 uestigia
1701 2620 1754 2686 hio
1777 2619 1950 2705 premenda
1973 2622 2038 2687 cni-

301 2744 436 2806 cumque
466 2723 640 2808 genuinam
671 2723 822 2790 carminis
849 2725 1042 2808 elegantiam
1068 2722 1232 2791 restituere
1254 2720 1342 2786 cordi
1364 2728 1425 2806 est,
1459 2722 1493 2804 (l.
1518 2723 1536 2786 l.
1560 2744 1591 2807 p.
1615 2725 1653 2788 10
1672 2723 1754 2806 sqq.)
1778 2743 1889 2789 uersus
1910 2723 2039 2790 25-34

299 2825 441 2892 inscruit.
494 2827 541 2890 Ac
570 2826 708 2928 primum
740 2826 868 2908 quidem
898 2833 999 2893 totam
1029 2827 1098 2893 eius
1129 2824 1360 2893 ordinationem
1392 2823 1600 2890 distichorum
1631 2831 1663 2890 et
1693 2823 1932 2909 dispositionem
1964 2833 2038 2892 ante

300 2929 411 2993 oculos
434 2949 560 3012 ponam.

763 3099 903 3164 Diuitias
926 3099 1008 3166 alius
1030 3100 1119 3166 fuluo
1142 3101 1204 3167 sibi
1226 3111 1378 3186 congerat
1399 3122 1476 3167 auro

814 3203 855 3268 nt
877 3209 984 3269 teneat
1007 3203 1084 3268 culti
1106 3203 1217 3286 iugera
1239 3205 1340 3271 multa
1362 3205 1432 3288 soli,

761 3304 863 3382 Quem
884 3305 975 3370 labor
992 3305 1141 3371 assiduus
1163 3306 1268 3372 uicino
1290 3314 1407 3380 terreat
1429 3306 1529 3390 hoste,

814 3408 931 3472 Martia
952 3408 1004 3473 eui
1027 3428 1154 3474 somnos
1177 3409 1314 3475 classica
1335 3411 1429 3493 pulsa
1450 3409 1575 3493 fugent:

684 3509 704 3575 5
762 3510 813 3575 Me
834 3531 907 3576 mea
929 3518 1100 3594 paupertas
1123 3511 1191 3576 uita
1212 3511 1360 3577 traducat
1381 3512 1485 3596 inerti,

812 3613 898 3676 Dum
919 3633 1009 3678 mens
1031 3613 1160 3679 assiduo
1184 3614 1289 3679 luceat
1310 3615 1385 3698 igne
1407 3615 1506 3680 iocus.

762 3715 831 3780 lam
852 3713 956 3797 modo,
978 3715 1044 3779 iam
1066 3737 1196 3800 possum
1218 3724 1384 3782 contentus
1407 3717 1515 3782 uiuere
1537 3738 1636 3802 paruo

812 3817 881 3882 Nec
902 3837 1028 3902 semper
1049 3818 1164 3902 longae
1187 3817 1312 3884 deditus
1334 3839 1404 3885 esse
1427 3819 1508 3900 uiae,

763 3919 827 3985 Sed
850 3919 947 3984 Canis
969 3921 1110 3986 aestiuos
1132 3929 1219 3986 ortus
1241 3921 1344 3986 uitare
1366 3921 1425 3986 sub
1447 3921 1560 3986 umbre

664 4025 705 4089 10
812 4023 943 4088 Arboris
965 4023 1007 4088 ad
1029 4023 1115 4089 riuos
1138 4025 1368 4107 praetereuntis
1391 4045 1502 4106 aquae.

761 4125 829 4191 Nec
851 4131 958 4190 tamen
979 4125 1137 4191 interdum
1159 4126 1278 4211 pudeat
1300 4126 1439 4192 tenuisse
1461 4126 1606 4192 bidentes

812 4229 876 4292 hut
898 4228 1026 4294 stimulo
1048 4227 1157 4296 tardos
1179 4229 1375 4314 increpuisse
1398 4229 1510 4312 boues;

760 4331 833 4395 Non
855 4351 1013 4414 agnamue
1035 4331 1107 4396 sinu
1129 4332 1238 4416 pigeat
1260 4332 1399 4396 fetumue
1421 4332 1565 4416 capellae

812 4433 947 4498 Deserta
969 4432 1069 4519 oblita
1091 4441 1192 4498 matre
1213 4434 1329 4499 referre
1351 4433 1489 4498 domum.

664 4535 703 4601 15
761 4535 803 4599 At
824 4554 882 4600 uos
905 4535 1021 4618 exiguo
1044 4536 1152 4620 pecori
1173 4535 1321 4618 furesque
1343 4535 1474 4620 lupique

812 4637 952 4702 Parcite:
976 4637 1015 4703 dc
1038 4658 1155 4722 magno
1177 4645 1225 4704 001
1247 4637 1367 4723 praeda
1389 4637 1527 4721 petenda
1548 4659 1654 4722 grege.

760 4741 834 4825 lpse
856 4760 960 4805 seram
983 4747 1108 4806 teneres
1130 4746 1253 4805 maturo
1276 4749 1417 4823 tempore
1439 4740 1521 4806 uites

811 4843 961 4908 Rusticus
984 4850 1015 4908 et
1036 4842 1126 4907 facili
1147 4842 1283 4926 grandia
1304 4862 1400 4926 poma
1422 4863 1531 4907 manu:

761 4946 829 5014 Nec
852 4965 925 5029 spes
948 4945 1108 5027 destituat,
1132 4943 1188 5010 sed
1210 4945 1337 5028 frugum
1360 4965 1485 5029 semper
1506 4964 1638 5010 aceruos

662 5049 703 5115 20
811 5047 968 5113 Praebeat
989 5053 1020 5112 01
1042 5047 1136 5131 pleno
1159 5047 1293 5132 pinguia
1315 5055 1420 5113 musta
1441 5047 1523 5112 lacu.

761 5151 846 5216 Nam
868 5169 1010 5233 ueneror,
1033 5170 1090 5216 seu
1112 5150 1211 5234 stipes
1233 5150 1331 5216 habet
1352 5149 1495 5216 desertus
1517 5150 1550 5215 in
1573 5150 1660 5233 agris

814 5253 878 5320 Seu
899 5258 992 5318 uetus
1014 5253 1047 5316 in
1069 5251 1165 5317 triuio
1187 5251 1286 5318 florea
1307 5261 1392 5318 serta
1414 5253 1506 5337 lapis.

1698 5369 1729 5422 l’l'
