4756 5892
1061 527 1265 625 „15-

297 737 431 804 Cilicum
454 735 551 818 clegit
572 741 676 819 poeta.
712 732 879 798 Ridiculus
901 734 986 798 enim
1009 741 1102 818 esset,
1125 735 1154 800 si
1176 734 1210 798 id
1232 733 1292 800 iter
1315 733 1464 814 cuiquam
1482 730 1606 796 crimini
1624 737 1770 811 uerteret,
1794 727 1878 811 quod
1897 728 1965 812 ipse
1983 726 2031 791 in-

296 858 423 924 gressus
445 845 514 904 crat
536 845 567 902 et
589 837 773 923 peregisset,
797 835 860 902 nisi
876 838 987 903 morbo
1005 837 1110 904 media
1128 838 1162 902 in
1180 838 1234 904 uia
1253 843 1337 902 esset
1355 841 1502 900 retentus.
1547 834 1596 898 De
1618 831 1776 916 triumpho
1798 839 1914 913 autern,
1938 849 2032 913 quem

299 941 443 1007 nonnulli
473 940 697 1006 intellexerunt
723 959 753 1004 u.
778 941 819 1004 72
850 941 977 1014 (madeat
1004 949 1083 1005 celas·
1108 948 1309 1024 amspiaendas
1329 943 1422 1021 equo),
1453 958 1518 1002 non
1548 935 1641 1002 nrcdc
1673 935 1815 1002 Dissenii
1844 939 2033 1017 argumenta

296 1045 482 1130 comprobo,
515 1043 569 1126 qui
591 1063 651 1109 nec
673 1052 753 1108 celera
772 1043 966 1118 adiectiuum
988 1043 1069 1108 bene
1091 1041 1250 1127 triumpho
1273 1041 1443 1106 conuenire
1466 1060 1524 1105 ncc
1547 1059 1640 1121 quem
1659 1037 1850 1103 antecedens
1873 1034 2032 1100 distichon

295 1149 330 1213 in
353 1147 469 1214 Cilicia
491 1147 678 1231 exhibuerit,
702 1167 774 1211 eum
797 1153 926 1232 repente
948 1147 1081 1210 Romam
1104 1143 1268 1211 transferri
1289 1165 1383 1230 posse
1405 1143 1493 1228 dicit,
1525 1141 1582 1208 sed
1604 1141 1644 1206 de
1666 1141 1745 1206 meis
1768 1159 1892 1222 quoque
1915 1136 2033 1203 addam

297 1249 382 1336 quod
404 1249 630 1333 grauissimum
652 1249 731 1314 mihi
753 1248 887 1332 uidetur,
911 1248 1142 1334 triumphantes
1164 1269 1228 1314 non
1251 1268 1341 1332 equo,
1365 1247 1422 1313 sed
1437 1267 1531 1312 curru
1549 1253 1657 1310 ucctos
1676 1244 1785 1310 urbem
1804 1244 1948 1324 intrasse,
1971 1241 2035 1306 nisi

295 1355 379 1419 forte
409 1352 568 1420 ouatiouis
600 1359 723 1418 tantum
748 1353 782 1418 in
813 1352 870 1416 tali
898 1351 1135 1436 comparatione
1164 1357 1291 1436 poetam
1322 1351 1514 1416 mentionem
1542 1347 1648 1413 iacere
1678 1347 1829 1412 maluisse
1860 1363 2034 1410 censemus.

300 1456 406 1536 Quare
429 1454 470 1522 de
491 1455 681 1541 imperatore
703 1457 737 1521 in
759 1454 887 1522 Oriente
909 1455 995 1520 illius
1018 1461 1120 1522 terrae
1141 1455 1301 1520 luxuriam
1322 1453 1468 1518 imitante
1489 1451 1605 1535 cogita.

713 1679 762 1744 77.
812 1684 887 1754 Quid
911 1683 992 1760 Tyrio
1013 1684 1144 1742 recubare
1164 1691 1221 1741 toro
1241 1685 1298 1741 aare
1319 1701 1411 1740 amora
1432 1681 1550 1739 secundo

846 1786 981 1844 Prorsus
1010 1786 1077 1845 Cam
1095 1787 1157 1858 flatu
1178 1805 1232 1843 noa
1252 1785 1392 1860 aipr'turrda
1414 1787 1492 1842 ruerit.

805 1891 881 1948 Nam
904 1907 987 1964 aaqrre
1007 1898 1062 1946 tara
1080 1891 1192 1966 plamae
1212 1907 1261 1946 nec
1281 1887 1404 1962 stragula
1422 1889 1497 1963 picta
1519 1905 1640 1964 soporem

849 1993 910 2052 Nec
931 1996 1032 2050 conitus
1049 1993 1180 2068 placidae
1203 1993 1302 2049 ducere
1319 1999 1412 2067 posset
1432 2007 1527 2065 aquae.

805 2095 881 2154 Nara
911 2095 1018 2152 Veneris
1041 2113 1157 2169 araphae
1178 2095 1281 2150 uiolari
1299 2095 1410 2150 numina
1431 2092 1520 2163 aerbo,

846 2199 887 2256 Et
907 2215 967 2255 mea
989 2217 1059 2256 nanc
1077 2215 1181 2274 paenae
1201 2197 1285 2271 impia
1307 2197 1398 2270 lingua
1419 2197 1483 2252 lad?

456 2364 596 2430 Medium
618 2363 777 2430 distichon
799 2364 942 2449 spurium
964 2363 1076 2428 habeo.
1122 2361 1358 2428 Sententiarum
1385 2361 1469 2426 enim
1492 2361 1646 2426 ratlanem
1673 2367 1704 2426 ct
1727 2361 1982 2427 consecutionem
2004 2369 2039 2426 ut

303 2468 439 2553 primum
462 2467 642 2550 uideamus,
672 2466 753 2532 hacc
775 2466 943 2532 habemus:
986 2465 1092 2548 „Quid
1113 2485 1270 2550 purpureo
1292 2464 1326 2529 in
1348 2471 1417 2530 toro
1441 2484 1554 2549 corpus
1577 2471 1716 2530 sternere
1739 2465 1888 2547 cuiquam
1910 2463 2039 2549 prodest

304 2572 372 2637 sine
394 2592 511 2654 amore,
535 2571 685 2652 quoniam
706 2590 784 2656 prae
806 2569 946 2636 lacrimis
968 2589 1114 2634 somnum
1145 2588 1258 2653 capere
1281 2567 1411 2650 nequit?
1451 2568 1520 2650 Ego
1544 2567 1621 2632 siis
1644 2587 1759 2650 essem,
1792 2587 1831 2632 ne
1854 2566 2040 2632 mollissimo

302 2673 431 2757 quidem
454 2673 593 2740 cubiculi
615 2679 772 2760 apparatu
794 2693 923 2738 somnus
945 2671 1024 2736 mihi
1045 2677 1216 2757 pareretur.
1262 2669 1346 2734 Num
1368 2670 1475 2735 Venus
1498 2669 1615 2735 amoris
1642 2669 1760 2753 gaudia
1787 2669 1866 2734 mihi
1892 2669 2038 2753 denegat,

304 2777 391 2860 quod
413 2777 613 2842 maiestatem
635 2777 703 2842 eius
726 2775 847 2842 laesi?“
882 2774 934 2840 Ad
956 2775 1039 2840 hauc
1061 2773 1274 2860 suspicionem
1295 2771 1401 2837 media
1423 2772 1480 2836 illa
1503 2772 1660 2838 sententia
1678 2792 1741 2838 non
1759 2772 1883 2838 traduci
1901 2773 2041 2838 animum

302 2886 445 2965 apparet.
489 2879 664 2945 Reducitur
689 2878 795 2964 potius
822 2877 936 2959 adid,
969 2877 1055 2960 quod
1085 2879 1149 2942 iam
1180 2884 1287 2942 actum
1314 2883 1375 2960 cst,
1407 2875 1449 2940 ad
1480 2874 1713 2961 comparandas
1744 2875 1877 2942 miseras
1909 2876 2041 2942 caelibis

304 2981 434 3048 diuitias
457 3004 528 3048 cum
550 2983 703 3047 iblicitate
725 2980 803 3063 eius,
827 2981 882 3063 qui
904 2979 1016 3045 duram
1039 2980 1139 3045 uitam
1162 2999 1234 3044 cum
1256 2979 1360 3043 amica
1383 2977 1479 3061 degit.
1524 2977 1658 3044 Omissis
1681 2985 1788 3043 autem
1809 2977 1923 3044 mediis
1942 2978 2041 3044 uersi·

304 3085 363 3150 bus
386 3085 516 3169 egregia
538 3085 692 3150 transitio.
737 3083 971 3166 Imaginaticne
993 3081 1131 3148 rusticae
1153 3101 1225 3146 eum
1247 3081 1342 3146 Delia
1364 3081 1449 3145 uitae
1472 3079 1623 3166 abreptus
1645 3087 1713 3146 erat
1736 3087 1843 3165 poeta,
1875 3089 2043 3146 reuocetur

304 3187 348 3252 ad
369 3195 568 3272 praesentem
590 3207 680 3253 suam
703 3186 863 3253 miseriam
886 3191 1132 3250 commemorata
1155 3184 1326 3265 insomnia3
1350 3183 1413 3268 ipsi
1435 3183 1519 3249 enim
1542 3183 1604 3248 sibi
1625 3191 1750 3249 noctem
1773 3203 1845 3248 cum
1867 3183 1943 3250 fletu
1961 3183 2042 3267 uigi-

304 3291 435 3356 landam
457 3291 583 3356 uenisse
605 3289 825 3356 reminiscitur.
870 3289 939 3353 Hoc
962 3295 1068 3353 autem
1099 3294 1134 3352 ut
1155 3287 1218 3352 sibi
1240 3285 1411 3369 accideret,
1445 3306 1507 3368 quo
1535 3285 1650 3351 delicto
1684 3286 1841 3370 meruerit,
1869 3287 1952 3352 iusto
1975 3286 2043 3351 iure

304 3394 413 3460 statim
436 3393 569 3478 quaerit.
613 3393 726 3475 Itaque
748 3392 792 3474 fit,
815 3399 850 3456 ut
872 3391 979 3474 uerba,
1003 3397 1189 3474 quaesunt:
1227 3396 1294 3454 Cam
1314 3396 1374 3458 aaa
1395 3415 1449 3454 aaa
1470 3397 1612 3470 ulpianus
1633 3399 1711 3466 amit,
1733 3389 1828 3455 simul
1850 3389 2044 3474 superiorem

305 3495 411 3562 locum
433 3495 508 3562 dato
531 3515 682 3580 responso
705 3495 786 3560 bene
808 3493 1008 3576 concludant,
1032 3493 1125 3558 simul
1147 3511 1195 3576 ea,
1219 3511 1301 3575 quae
1318 3491 1462 3577 proxime
1479 3491 1696 3574 insequuntur,
1719 3491 1812 3574 quasi
1829 3491 1996 3558 instituant
2014 3499 2045 3556 et

306 3605 509 3684 praeparent,
542 3598 570 3664 si
596 3596 691 3662 modo
722 3595 939 3680 interrogandi
971 3596 1097 3678 signum
1124 3615 1187 3660 non
1218 3595 1252 3659 in
1278 3594 1339 3658 fine
1362 3595 1564 3679 pentametri,
1597 3593 1654 3660 sed
1676 3601 1748 3679 post
1767 3601 1877 3676 prodeat
1898 3601 2043 3680 ponatur.

308 3699 402 3777 Quod
423 3701 550 3784 quidem
572 3700 634 3766 hae
656 3721 782 3783 quoque
804 3719 837 3764 rc
860 3698 1107 3764 commendatur.
1153 3697 1303 3779 Siquam,
1335 3717 1398 3760 non
1421 3722 1481 3760 cam
1508 3697 1652 3785 intellegi
1679 3696 1831 3762 uoluisset
1862 3705 1971 3781 poeta,
2005 3717 2044 3762 ne

307 3801 517 3885 ambiguitate
549 3804 612 3868 loci
643 3803 808 3869 audientes
840 3801 1032 3883 luderentur,
1064 3801 1163 3866 uerba
1194 3800 1240 3865 sic
1272 3799 1473 3864 collacasset:
1510 3825 1563 3862 aaa
1584 3807 1652 3880 fleat
1682 3825 1763 3880 puram
1794 3807 1937 3880 aspiranda
1968 3809 2045 3863 aonia

307 3903 477 3971 Distichon
499 3913 605 3971 autem
626 3905 707 3972 illud
728 3912 857 3991 propter
878 3903 1106 3969 sententiarum
1129 3903 1284 3968 rationem
1307 3909 1502 3987 suspectum,
1530 3908 1565 3966 ut
1587 3901 1744 3982 omittam,
1777 3921 1872 3983 quam
1894 3901 2045 3986 languide

308 4008 445 4094 proximi
471 4028 581 4074 uersus
614 4007 694 4092 (qaid
718 4015 799 4092 Ίζηνίο
822 4045 863 4053 -
881 4009 1005 4090 pedat)
1036 4005 1192 4072 sententia
1219 4011 1380 4090 repetatur
1410 4011 1441 4069 et
1464 4003 1687 4089 amplificetur,
1720 4011 1754 4069 at
1781 4025 1844 4070 non
1871 4005 1984 4088 loquar
2006 4004 2045 4071 de

310 4111 404 4177 modo
427 4109 653 4195 condicionali,
685 4132 779 4194 quem
801 4109 1003 4195 grammatici
1025 4114 1154 4189 uocant,
1183 4123 1284 4189 possa,
1312 4127 1368 4191 pro
1396 4126 1458 4189 quo
1481 4105 1674 4172 indicatiuus
1693 4107 1869 4192 praesentis
1896 4108 2046 4194 temporis

309 4213 520 4297 desideratur,
553 4220 588 4279 ut
618 4213 697 4280 haec
727 4215 825 4280 missa
847 4213 978 4295 faciam,
1010 4212 1074 4276 illis
1096 4209 1193 4276 etiam
1215 4209 1393 4294 suspectius
1415 4208 1464 4292 fit,
1497 4229 1579 4293 quae
1600 4217 1798 4294 pentameter
1819 4210 1971 4276 continet:
1999 4236 2047 4274 aar

309 4325 410 4382 condas
422 4326 553 4400 placidae
570 4323 668 4382 dacae
679 4333 770 4399 passer
787 4341 882 4399 aquae.
916 4315 1014 4381 Cuius
1032 4313 1157 4396 aquae?
1180 4312 1403 4378 Silanorumne
1421 4313 1473 4377 uel
1490 4313 1624 4377 fantium
1643 4321 1717 4377 ante
1735 4313 1873 4378 cubiculi
1890 4312 2046 4379 fenestras

308 4421 527 4504 surgentium?
570 4421 614 4486 nt
643 4419 704 4485 hcc
726 4419 992 4485 oblectamentum
1022 4439 1087 4483 non
1112 4416 1216 4481 minus
1247 4415 1365 4480 rustico
1393 4415 1513 4480 homini
1546 4415 1715 4500 praebetur
1736 4421 1956 4500 praetereunte
1978 4415 2047 4480 riuo

310 4523 379 4605 (cfr.
406 4523 515 4606 1,10).
555 4525 606 4588 An
628 4523 769 4588 riuarum
790 4522 870 4607 ipsis
893 4520 1048 4587 cubiculis
1070 4517 1339 4585 interfluentium?
1375 4517 1417 4582 nt
1439 4517 1610 4600 singularis
1632 4516 1712 4582 haec
1734 4517 1859 4581 luxuria
1882 4537 1902 4580 a
1925 4517 2048 4582 Seneca

314 4625 417 4711 (epist.
444 4625 519 4708 100)
541 4647 613 4692 cum
636 4625 846 4709 castigatione
869 4629 1129 4714 commemorata,
1153 4621 1180 4687 si
1203 4619 1331 4704 quidem
1354 4619 1474 4684 Tibulli
1496 4625 1601 4684 aetate
1623 4619 1687 4683 iam
1710 4619 1840 4685 inuenta
1863 4627 1939 4702 erat,
1964 4627 2048 4685 certe

313 4746 376 4792 non
396 4729 442 4795 ita
465 4728 782 4794 inconsuetudinem
804 4727 937 4809 abierat,
961 4725 1067 4790 uthis
1090 4724 1195 4790 uerbis
1218 4723 1296 4788 satis
1319 4722 1457 4806 potuerit
1479 4720 1661 4806 significari.
