4756 5892
1205 441 1226 504 2

1111 528 1315 538 ...-

344 651 643 734 110001001011039.
666 649 717 730 40,
741 647 875 712 habebis
901 645 985 711 hune
1012 643 1148 711 reditum
1174 644 1217 710 ad
1243 645 1378 730 primam
1401 643 1648 728 primariamque
1670 645 1860 711 sententiam
1884 647 1954 732 ipso
1977 649 2081 717 medio

343 752 484 819 carmine
506 752 552 816 ita
574 751 702 833 fectum,
725 757 761 814 ut
783 749 865 814 duae
888 755 1013 814 exstent
1035 746 1177 814 eiusdem
1200 745 1408 831 longitudinis
1430 745 1589 830 strophae.
1634 747 1693 812 Illo
1716 755 1823 814 autem
1845 748 1995 816 disticho:

873 909 982 967 Horaba
1004 910 1127 983 autr'qaus
1143 911 1265 983 primum
1286 907 1338 964 arbi
1355 908 1424 982 seed
1446 909 1560 982 agrestas

898 1012 1012 1082 Pocula,
1035 1011 1068 1068 de
1083 1011 1169 1084 sacili
1189 1013 1385 1086 composuitque
1406 1011 1459 1066 aro

320 1163 322 1170 ⁴
345 1183 409 1228 non
431 1161 535 1228 solum
557 1159 788 1245 superuacanei
810 1157 932 1241 aliquid
953 1156 1071 1240 inferri,
1095 1156 1152 1223 sed
1174 1156 1271 1222 etiam
1293 1155 1479 1240 interrumpi
1501 1161 1533 1220 et
1555 1155 1676 1220 turbari
1694 1147 1920 1222 sententiarum
1939 1157 2081 1224 ordinem

346 1265 510 1346 fateberis,
533 1263 562 1329 si
583 1263 663 1328 lraec
685 1283 809 1327 mecum
832 1261 1051 1326 considerans.
1088 1260 1189 1325 Vocat
1207 1266 1302 1343 poeta
1319 1259 1396 1324 deos
1414 1258 1457 1323 ad
1474 1279 1583 1324 sacras
1601 1257 1701 1342 dapes
1720 1257 1803 1340 (37),
1826 1268 1957 1326 excusat
1974 1281 2082 1326 earum

346 1367 532 1436 tenuitatem
555 1366 639 1450 (38);
670 1371 823 1450 prouocat
854 1363 896 1428 ad
918 1364 1066 1445 antiquos
1089 1363 1232 1428 homines
1255 1363 1319 1444 (39.
1343 1363 1408 1444 40).
1454 1361 1539 1439 Quid
1561 1362 1659 1444 ergo?
1691 1361 1746 1444 qui
1767 1361 1861 1426 modo
1888 1363 2082 1446 antiquam

345 1468 641 1553 simplicitatem
664 1467 808 1532 laudauit
826 1467 956 1548 eiusque
975 1466 1155 1549 exemplum
1173 1464 1263 1547 sequi
1281 1485 1315 1529 se
1333 1463 1541 1546 confirmauit,
1560 1484 1635 1528 num
1653 1463 1681 1528 is
1700 1463 1739 1528 de
1761 1471 1907 1547 patrum
1929 1463 2082 1530 diditiis

345 1581 381 1638 et
398 1571 547 1654 antiqui
565 1571 628 1635 aui
646 1571 847 1652 messibus,
867 1589 947 1651 quas
965 1576 1094 1652 spernat
1112 1568 1177 1650 (41.
1196 1565 1262 1650 42),
1285 1566 1397 1632 eodem
1415 1567 1528 1651 spiritu
1546 1573 1651 1651 potest
1668 1566 1777 1650 loqui?
1799 1567 1883 1630 Nam
1901 1586 2082 1650 quanquam

347 1675 476 1740 diuersa
493 1673 656 1739 hominum
674 1693 792 1756 genera
809 1670 1025 1754 intellegenda
1043 1691 1113 1736 esse
1130 1691 1194 1735 non
1212 1670 1333 1753 ignoro,
1353 1669 1457 1753 priore
1471 1671 1542 1734 loeo
1556 1671 1695 1750 (anaqam
1707 1673 1833 1750 aperus)
1846 1669 1967 1753 priscos
1977 1669 2082 1734 Latini

344 1777 415 1862 agri
433 1778 579 1856 cultores,
599 1775 699 1840 altero
718 1777 848 1856 (patrem
865 1783 973 1854 aurique
990 1779 1056 1852 auo)
1075 1773 1176 1857 ipsius
1186 1771 1306 1837 Tibulli
1324 1791 1471 1855 proauos,
1490 1779 1597 1837 tamen
1615 1771 1695 1837 haee
1712 1771 1882 1838 dinersitas
1897 1771 1943 1836 ita
1957 1792 2019 1836 non
2034 1779 2082 1836 est

346 1900 497 1965 expressa
519 1878 638 1962 uerbis,
671 1885 706 1942 ut
728 1897 824 1958 quum
847 1876 1006 1942 contraria
1028 1875 1178 1960 deinceps
1205 1875 1244 1942 de
1267 1877 1421 1960 utrisque,
1452 1877 1669 1961 frugalitatem
1691 1877 1730 1944 de
1753 1879 1875 1963 alteris,
1912 1879 1952 1945 de
1974 1879 2082 1945 alteris

344 1983 550 2069 opulentiam,
574 1979 773 2066 praedicaret
794 1985 899 2064 poeta,
924 1980 951 2044 si
970 1979 1098 2062 quidem
1120 1980 1205 2063 feeit,
1228 1986 1328 2046 totam
1346 2001 1412 2046 rem
1430 1980 1649 2046 incredibilem
1668 1989 1699 2046 et
1716 1981 1883 2064 indignum
1902 1982 1936 2048 iu
1954 1980 2081 2047 modurn

346 2083 532 2153 confuderit.
577 2085 689 2166 Neque
712 2104 796 2167 uero,
829 2082 857 2147 si
887 2083 967 2148 berre
994 2103 1170 2148 connexam
1197 2083 1425 2148 sententiarum
1447 2083 1560 2148 seriem
1583 2082 1643 2147 hoc
1665 2083 1735 2148 loeo
1767 2084 1962 2168 quaerimus,
1994 2082 2082 2148 eliud

344 2189 515 2270 quicquam
533 2185 625 2252 nobis
643 2185 839 2267 relinquitur,
858 2204 954 2266 quam
973 2191 1007 2250 ut
1025 2185 1182 2250 interiecti
1200 2185 1328 2250 distichi
1347 2186 1546 2250 immemores
1556 2205 1667 2251 uersus
1681 2187 1732 2250 41.
1744 2187 1787 2250 42
1806 2185 2029 2252 aduersus37.
2040 2188 2081 2251 38

348 2291 533 2372 referamus,
557 2309 619 2371 quo
642 2288 727 2352 facto
750 2286 810 2352 hoo
832 2307 1050 2368 assequemur:
1074 2287 1182 2368 ,‚Peto,
1207 2287 1319 2370 inquit,
1342 2308 1363 2351 0
1381 2287 1481 2370 1101110,
1505 2287 1567 2368 1101,
1590 2294 1625 2352 114
1642 2287 1759 2352 mundo
1777 2307 1848 2354 meo
1866 2288 2003 2372 quidem,
2026 2288 2084 2354 sed

345 2393 462 2476 exiguo
485 2391 642 2458 sacrificio
666 2391 804 2456 contenti
822 2390 907 2470 sitis3
932 2411 1005 2454 narn
1024 2389 1142 2455 amisso
1161 2389 1351 2474 patrimonio
1369 2397 1400 2455 et
1418 2411 1541 2474 pauper
1558 2411 1628 2456 sum
1646 2398 1677 2455 et
1695 2411 1824 2456 manere
1842 2390 1875 2456 irr
1894 2399 2082 2476 paupertate

345 2497 391 2560 140
413 2495 516 2580 euple,
540 2501 575 2560 ut
597 2514 660 2560 non
683 2493 850 2578 pristinam
871 2491 1031 2558 fortunam
1053 2512 1111 2558 uos
1132 2491 1280 2575 precibus
1302 2513 1479 2576 reposcam,
1508 2491 1564 2558 sed
1582 2518 1766 2575 perpauper
1783 2501 1979 2556 mdaauissir
1997 2493 2077 2559 cet“.

345 2598 404 2664 llis
426 2598 520 2663 rebus
542 2595 773 2662 animaduersis
795 2595 872 2678 quid
894 2595 985 2677 sequi
1007 2593 1173 2659 dicamus?
1216 2593 1357 2659 Primum
1380 2615 1418 2660 00
1441 2593 1580 2678 suspicio
1603 2601 1756 2678 mouetur,
1779 2602 1814 2659 ut
1836 2613 1947 2660 uersus
1969 2595 2019 2660 39.
2039 2599 2082 2660 40

344 2702 543 2784 importunae
575 2699 738 2764 doctrinae
770 2698 928 2763 hominem
959 2705 1014 2762 aut
1046 2717 1102 2782 pro
1134 2697 1204 2762 loco
1234 2697 1329 2762 fretos
1356 2703 1411 2762 aut
1438 2696 1566 2762 aliunde
1595 2695 1799 2781 depromptos
1826 2697 1887 2762 buc
1910 2697 2081 2762 inseruisse

345 2803 543 2868 arbitremur.
588 2801 647 2868 His
674 2809 780 2867 autem
808 2801 931 2866 reiectis
958 2820 1041 2882 quae
1067 2805 1187 2865 restant
1213 2799 1296 2865 duae
1318 2799 1405 2885 paris
1427 2799 1636 2883 longitudinis
1658 2799 1807 2882 parisque
1830 2799 1953 2864 exordii
1975 2807 2081 2883 partes

346 2905 505 2986 carminis,
529 2925 584 2970 eas
607 2901 838 2968 dehortandum
860 2911 917 2985 est,
941 2924 981 2968 ne
1004 2903 1075 2986 quis
1097 2902 1178 2967 duas
1201 2901 1321 2986 elegias
1343 2923 1412 2968 osse
1435 2909 1523 2986 putet
1545 2922 1601 2986 per
1623 2921 1759 2966 errorem
1782 2921 1865 2966 nunc
1884 2901 2079 2967 coniunctas.

347 3009 428 3074 Toto
451 3007 536 3072 enim
558 3006 697 3071 carmine
720 3007 766 3070 ita
788 3004 954 3070 dimidiato
978 3025 1075 3088 quum
1098 3005 1252 3088 posterior
1278 3025 1352 3088 pars
1375 3005 1532 3088 integrum
1555 3024 1669 3090 eorpus
1692 3003 1811 3070 efficiat
1832 3011 1864 3070 04
1887 3005 2083 3089 poematium

344 3110 490 3177 omnibus
513 3108 579 3174 suis
602 3108 745 3190 partibus
768 3107 958 3190 absolutum,
982 3106 1059 3190 quid
1081 3127 1199 3190 quaeso
1222 3105 1329 3190 prior?
1351 3107 1410 3172 Est
1430 3107 1560 3173 mutilus
1583 3115 1722 3190 truncus,
1745 3114 1836 3191 turpe
1858 3107 2080 3192 fragmentum,

344 3213 407 3278 nisi
429 3213 509 3276 forte
531 3209 662 3276 deorum
684 3211 911 3294 inuocationes‚
936 3209 1051 3293 quibus
1073 3209 1153 3274 haec
1170 3229 1245 3293 pars
1263 3231 1365 3295 paene
1384 3217 1451 3275 tota
1469 3211 1655 3294 continetur,
1678 3210 1754 3275 iusti
1773 3211 1923 3276 carminis
1944 3212 2082 3296 speeiem

346 3315 496 3396 cuiquam
526 3313 693 3398 praebent,
726 3320 781 3378 aut
807 3333 879 3378 eum
902 3313 1064 3378 Tibullum
1092 3333 1162 3377 esse
1189 3332 1368 3394 censemus,
1408 3312 1463 3395 qui
1490 3313 1522 3378 111
1550 3313 1755 3378 rusticatione
1786 3334 1845 3379 sua
1873 3312 2083 3378 describenda

345 3417 472 3483 Deliam
494 3423 525 3482 04
548 3436 687 3480 amorem
715 3415 841 3480 silentio
868 3415 1040 3499 praeterire
1066 3415 1175 3498 possit.
1221 3415 1400 3480 Verisimile
1427 3423 1534 3481 tamen
1566 3422 1614 3481 est
1641 3437 1704 3481 non
1727 3435 1818 3497 casu,
1851 3415 1908 3480 sed
1939 3415 2082 3481 consulto

346 3525 473 3605 poetam
499 3519 545 3582 140
572 3539 638 3582 rem
661 3517 851 3599 instituisse,
885 3525 919 3582 ut
945 3517 1129 3602 symmetria
1160 3517 1317 3600 quaedam
1349 3518 1487 3602 partium
1517 3525 1610 3600 esset,
1643 3525 1674 3583 et
1696 3517 1838 3603 repetitis
1870 3538 1942 3582 eum
1974 3519 2083 3600 aliqua

346 3621 501 3688 uarietate
523 3619 634 3704 primis
657 3619 823 3685 sententiis
845 3621 947 3684 altera
969 3641 1043 3704 pars
1066 3619 1280 3703 antistrophes
1303 3621 1394 3703 quasi
1421 3621 1576 3685 rationem
1598 3621 1786 3704 praeferret,
1817 3641 1881 3685 norr
1902 3620 1988 3702 quod
2009 3627 2083 3684 ante

348 3723 550 3792 scribendum
572 3722 630 3788 tali
653 3721 862 3806 componendi
884 3723 954 3806 lege
976 3722 1045 3806 ipse
1067 3743 1101 3787 se
1124 3722 1336 3806 obstrinxerit,
1368 3723 1425 3788 sed
1455 3723 1537 3789 inter
1562 3723 1764 3790 scribendum
1787 3723 1894 3790 oblata
1917 3723 2083 3789 occasione

347 3827 564 3894 1100014111οἰ0
592 3845 668 3891 usus
696 3845 766 3891 0000
793 3825 926 3890 uidetur.
972 3827 1063 3892 Certe
1089 3825 1203 3891 similis
1230 3825 1416 3908 compositio
1439 3826 1472 3890 irr
1494 3825 1567 3890 aliis
1595 3825 1663 3890 eius
1690 3825 1801 3909 elegiis
1824 3826 1968 3907 occurrit,
2001 3846 2083 3908 quac

349 3931 382 3996 in
405 3950 444 3995 00
465 3928 571 4014 posita
592 3935 654 4011 est,
686 3935 721 3993 ut
744 3949 871 3994 carmen
894 3928 1032 3994 diuisum
1053 3927 1095 3993 sit
1120 3928 1154 3992 in
1176 3927 1304 4011 singula
1331 3928 1473 3993 membra
1495 3929 1673 4012 complures
1695 3947 1806 3993 uersus
1829 3927 2081 4011 complectentia,

348 4053 431 4116 quae
458 4052 521 4096 non
556 4031 660 4096 solum
687 4051 744 4114 per
771 4031 949 4114 argumenti
980 4031 1205 4114 proprietatem
1232 4031 1328 4095 facile
1359 4031 1628 4112 internoscantur,
1661 4029 1719 4095 sed
1745 4030 1842 4095 etiam
1868 4030 2024 4096 interdum
2052 4037 2083 4094 et

349 4139 535 4218 argumento
555 4141 586 4198 04
605 4153 753 4198 uersuum
771 4153 902 4198 numero
921 4133 1002 4198 inter
1020 4154 1054 4198 se
1071 4133 1292 4216 respondeant.
1329 4133 1391 4198 Cfr.
1416 4154 1498 4216 quae
1516 4133 1613 4198 Frid.
1637 4132 1872 4198 RitseheIIus
1895 4132 1934 4197 de
1952 4139 2084 4214 quartae

350 4237 444 4322 primi
467 4236 541 4300 libri
563 4235 686 4319 elegiae
709 4235 936 4320 compositione
964 4235 1141 4319 disputarit
1163 4243 1223 4301 aot.
1247 4237 1353 4304 societ.
1378 4237 1470 4302 litter.
1495 4235 1612 4301 Saron.
1635 4243 1709 4300 tom.
1728 4236 1836 4300 XVIII
1858 4256 1886 4300 a.
1908 4236 1990 4300 1866
2008 4234 2081 4300 edit.

351 4361 425 4425 aaa·
451 4339 492 4404 72
514 4358 582 4420 ssu·

502 4441 623 4505 Harum
645 4441 767 4524 primae
789 4441 912 4524 elegiae
930 4441 1077 4525 partium,
1097 4461 1176 4523 quas
1194 4442 1288 4507 modo
1306 4441 1524 4523 disereuimus,
1548 4441 1685 4525 priorem
1703 4439 1857 4506 dissoluto
1876 4438 2082 4505 distichorum

348 4546 460 4612 ordine
483 4543 634 4610 traditam
656 4543 792 4627 ideoque
814 4543 1060 4629 transpositione
1087 4543 1319 4612 emendandam
1350 4565 1419 4610 esse
1448 4543 1703 4610 doctissimorum
1734 4542 1873 4606 uirorum
1895 4539 2082 4607 auctoritate

351 4655 512 4734 permotus
540 4666 597 4731 pro
625 4653 710 4712 certo
733 4647 849 4730 habeo,
881 4666 1062 4730 quanquam
1093 4646 1133 4712 de
1155 4647 1226 4730 ipsa
1248 4648 1302 4713 1110
1324 4647 1514 4714 emendandi
1536 4646 1655 4712 nemini
1681 4665 1789 4710 eorum
1811 4645 1974 4710 assentIor.
2019 4639 2085 4706 Sed

349 4752 536 4835 priusquam
559 4747 602 4814 ad
624 4748 707 4814 hanc
730 4749 941 4816 difficiliorem
963 4749 1129 4815 ueniamus
1152 4770 1232 4834 rem,
1264 4771 1368 4835 pauca
1395 4750 1435 4816 de
1457 4749 1549 4816 tertio
1576 4747 1713 4813 disticho
1740 4747 1888 4829 monebo,
1920 4743 2005 4826 quod
2026 4764 2084 4810 suo

351 4855 422 4919 loeo
446 4845 537 4918 neriro
560 4851 668 4917 mouit.

866 4961 915 5019 Mc
940 4979 1000 5020 meu
1017 4970 1168 5038 paupertas
1188 4963 1246 5020 0110
1264 4957 1324 5036 (ae)
1346 4961 1475 5020 tradam
1494 4963 1572 5019 1110141·

350 5110 396 5174 140
419 5115 604 5174 conuertunt
626 5107 843 5174 Dresselius
871 5107 1086 5192 (programma
1107 5129 1215 5192 gymn.
1238 5108 1464 5193 Guelpherbpt.
1487 5128 1516 5172 0.
1542 5108 1624 5173 1842
1646 5107 1723 5190 ed.):

716 5269 777 5328 Μὶν
796 5269 847 5326 soll
866 5267 945 5326 aare
967 5269 1014 5326 dea
1035 5268 1142 5326 Laberra
1163 5269 1276 5326 110νὶ0110
1299 5271 1366 5326 mein
1390 5269 1532 5328 urmlr'clrer·
1553 5268 1728 5335 11010010οἀ,-
