4756 5892
384 1989 458 2104 oe
492 1991 626 2104 suun
661 1991 847 2106 Tibulli
878 1992 1045 2106 tribus
1080 1990 1258 2132 poma
1294 1987 1604 2103 carminibus
1640 1986 1929 2126 disputatio.

443 2353 588 2420 Tibulli
619 2355 763 2421 carmina
794 2357 1031 2423 commentariis
1061 2357 1217 2423 instructa
1247 2375 1344 2438 quum
1375 2351 1461 2438 apud
1478 2350 1707 2417 Weidmannos
1739 2347 1882 2416 emittere
1913 2349 2029 2416 consti·

290 2456 434 2540 tuissem,
466 2457 597 2524 huiusce
624 2459 725 2526 libelli
754 2459 975 2526 conscribendi
1004 2459 1108 2526 officio
1137 2459 1286 2544 imposito
1314 2457 1342 2524 si
1369 2457 1433 2522 mei
1455 2454 1495 2522 de
1517 2454 1645 2520 Tibullo
1667 2453 1779 2519 indicii
1801 2454 1962 2538 specimen
1984 2447 2037 2519 ita

292 2559 428 2642 ederem,
461 2568 497 2626 ut
522 2562 610 2628 locos
641 2561 796 2645 quosdam
827 2569 883 2628 aut
905 2562 1128 2629 emendatione
1149 2561 1320 2628 mutandos
1342 2569 1398 2627 aut
1419 2581 1505 2626 noua
1526 2559 1786 2644 interpretatione
1814 2555 2031 2624 defendendos

289 2663 470 2729 accuratius
497 2671 738 2748 pertractarem,
770 2685 829 2730 nee
856 2665 997 2730 oblatam
1025 2665 1168 2730 chartam
1190 2663 1323 2750 perdere
1344 2683 1403 2730 nec
1425 2662 1587 2748 proposito
1610 2661 1724 2726 maiori
1746 2660 1834 2746 operi
1857 2659 2029 2742 quicquam

288 2763 455 2832 detrahere
477 2766 556 2831 mibi
578 2765 719 2833 uidebar.
764 2769 848 2834 Nam
869 2769 903 2834 in
921 2769 986 2850 illo,
1009 2777 1044 2836 ut
1061 2771 1200 2836 maxime
1218 2769 1391 2834 iuuentutis
1410 2768 1585 2834 litterarum
1604 2764 1767 2832 studiosae
1785 2763 2029 2832 necessitatibus

289 2867 467 2952 subueniet,
507 2869 665 2935 eiusmodi
695 2868 964 2956 disputationibus
997 2873 1116 2940 criticis
1142 2880 1174 2939 et
1200 2871 1373 2956 exegeticis
1405 2871 1460 2936 uix
1486 2869 1546 2935 erit
1568 2869 1667 2934 locus.
1721 2868 1814 2952 Elegi
1836 2873 1956 2950 autem,
1990 2865 2030 2932 de

290 2970 404 3052 quibus
426 2970 478 3035 hic
500 2969 697 3056 dissererem,
720 2972 840 3058 primas
863 2981 926 3042 tres
949 2977 1078 3060 elegias.
1116 2975 1271 3054 Quaeres:
1296 2995 1352 3040 eur
1369 2973 1427 3040 has
1446 2971 1668 3058 potissimum?
1705 2970 1788 3050 Quia
1805 2971 1928 3056 primae
1946 2977 2029 3037 sunt.

288 3072 434 3140 Indicare
456 3076 540 3142 enim
562 3077 709 3144 uolebam
732 3099 796 3144 non
819 3079 939 3146 selecta
961 3079 1090 3164 singula
1111 3078 1268 3162 earmina,
1300 3085 1335 3143 ut
1357 3077 1484 3160 assolet,
1508 3073 1565 3142 sed
1587 3074 1695 3140 omnia
1716 3074 1787 3158 pari
1810 3094 1886 3140 cura
1908 3073 2028 3140 exami-

289 3183 366 3242 nata
388 3185 420 3244 et
441 3177 648 3264 interpretata
669 3201 753 3246 noua
775 3180 915 3248 editione
936 3182 1172 3266 propositurum
1194 3202 1341 3248 maesse.
1378 3181 1490 3264 Itaque
1508 3187 1564 3246 aut
1582 3179 1689 3244 omnia
1706 3179 1767 3244 hoc
1785 3179 1865 3262 loco,
1892 3177 1927 3244 id
1943 3177 2030 3261 quod

287 3279 356 3346 fieri
386 3301 450 3346 non
480 3288 618 3366 poterat,
649 3289 705 3348 aut
735 3283 840 3370 prima
861 3305 1020 3368 quaeque,
1053 3293 1088 3349 ut
1118 3284 1195 3368 feci,
1228 3283 1385 3350 debebam
1406 3283 1563 3368 persequi.
1608 3284 1646 3348 In
1668 3282 1783 3364 quibus
1810 3301 2030 3366 quaecumque

287 3403 407 3450 nouare
437 3405 535 3450 ausus
567 3405 651 3470 sum,
683 3388 829 3468 quamuis
855 3407 933 3453 uera
958 3395 1014 3454 ant
1040 3388 1229 3454 uerisimilia
1259 3408 1330 3454 esse
1360 3407 1547 3472 persuasum
1576 3385 1728 3468 habeam,
1760 3392 1867 3451 tamen
1898 3387 2030 3452 nonita

288 3507 429 3552 meorum
458 3487 660 3554 incentorum
686 3489 861 3557 admirator
883 3512 968 3574 sum,
1000 3499 1035 3557 ut
1057 3513 1097 3558 ea
1118 3512 1176 3576 pro
1198 3490 1388 3556 lectionibus
1410 3489 1516 3555 adhuc
1538 3487 1680 3573 probatis
1702 3487 1736 3552 in
1758 3487 1828 3571 ipso
1850 3487 1931 3554 libro
1954 3508 2027 3574 snp-

289 3589 448 3670 positurus
474 3589 549 3673 sim;
589 3591 646 3658 sed
671 3593 824 3659 asterisco
852 3601 975 3660 tantum
1006 3601 1062 3660 aut
1088 3593 1224 3660 diuersis
1249 3594 1335 3678 typis
1358 3599 1466 3658 notato
1489 3611 1614 3675 quoque
1637 3592 1707 3656 loco
1735 3590 1921 3675 suspicioso,
1952 3590 2030 3674 quid

290 3687 379 3754 aliud
404 3692 549 3774 sentiam,
577 3694 661 3760 infra
688 3695 878 3762 memorabo.
924 3699 1007 3762 Tota
1033 3703 1140 3763 autem
1163 3717 1297 3763 censura
1319 3717 1391 3763 mea
1412 3695 1573 3761 Luciani
1594 3695 1746 3760 Mtllleri
1777 3694 1907 3778 egregia
1932 3715 2030 3780 opera

288 3789 336 3856 ita
353 3791 471 3878 nititur,
489 3804 524 3861 ut
542 3817 638 3879 quam
656 3797 742 3863 niam
760 3799 815 3865 ille
833 3799 977 3884 muniuit,
996 3821 1036 3866 ea
1053 3800 1236 3885 procedenti
1254 3799 1333 3866 mihi
1350 3820 1421 3866 raro
1440 3798 1622 3866 declinandi
1636 3799 1820 3881 necessitas,
1840 3798 1909 3864 siue
1923 3797 2028 3882 magis

287 3893 467 3978 placatius
489 3919 558 3966 esse
579 3899 684 3966 uisum
707 3901 757 3967 sit.

1144 4203 1170 4280 Ι.

441 4459 580 4528 Primum
608 4483 735 4531 carmen
757 4466 847 4532 Alfr.
872 4467 1083 4534 Schoenius
1106 4465 1184 4550 (uid.
1208 4467 1314 4534 theses
1336 4468 1478 4535 adiectas
1500 4469 1543 4534 ad
1565 4475 1686 4552 quaest.
1710 4469 1894 4554 Hieronym.
1918 4468 2026 4551 capita

287 4559 341 4624 sel.
370 4559 418 4626 cd.
443 4561 545 4630 Berol.
576 4568 671 4651 1864)
699 4569 898 4636 librariorum
928 4570 1176 4654 neglegentiae
1211 4569 1335 4638 duobus
1362 4572 1532 4638 conflatum
1559 4571 1725 4656 suspicans
1752 4571 1798 4636 ita
1824 4570 1958 4653 dirimit,
1991 4577 2027 4636 nt

289 4678 379 4728 uersu
402 4665 444 4731 35
467 4671 523 4731 me
544 4693 592 4750 epo
609 4687 797 4754 posterasque
818 4699 905 4738 mmm
927 4673 1058 4740 alterius
1079 4674 1205 4740 initium
1223 4681 1351 4742 statuat
1387 4677 1457 4742 Hoo
1474 4684 1530 4742 aut
1547 4677 1642 4743 fallor
1659 4685 1714 4743 aut
1731 4677 1871 4744 nondum
1889 4697 2025 4760 usquam

289 4761 339 4826 nir
362 4765 565 4836 doctissimus
587 4773 700 4855 quibus
723 4775 919 4859 argumentis
941 4783 1068 4860 putaret
1094 4779 1364 4862 comprobandum
1382 4779 1492 4861 edidit,
1515 4780 1544 4846 si
1562 4779 1689 4862 quidem
1708 4782 1908 4866 comprobari
1930 4803 2026 4866 posse

259 4953 263 4960 ι
289 4865 467 4938 etiamnunc
494 4873 603 4939 credit.
646 4877 716 4961 Ego
744 4897 819 4944 uero
847 4887 881 4944 ut
907 4879 949 4944 ab
977 4879 1038 4944 hac
1060 4879 1230 4946 dirimendi
1252 4881 1374 4948 ratione
1395 4903 1524 4967 prorsus
1547 4883 1716 4966 abhorreo,
1748 4885 1794 4950 ita
1815 4883 1895 4949 illud
1918 4886 2024 4952 obser-

289 4969 428 5036 uandum
444 4975 581 5042 arbitror
597 4981 774 5064 propinquo
793 4983 864 5047 loco
881 4981 1016 5047 incisam
1035 4981 1230 5066 singularem
1248 4985 1281 5050 in
1299 4984 1428 5051 modum
1442 5007 1512 5053 esse
1528 4987 1703 5052 orationem
1718 4994 1881 5070 totumque
1896 5008 2025 5055 carmen

287 5069 439 5154 bipartito
464 5081 681 5164 compositum.
736 5083 817 5151 Vide
844 5085 928 5150 enim
957 5104 1051 5150 uersu
1073 5087 1115 5151 41
1138 5086 1182 5152 ad
1211 5088 1354 5172 easdem,
1386 5089 1471 5157 unde
1502 5111 1591 5156 orsus
1623 5099 1684 5175 est,
1716 5090 1890 5158 sententias
1921 5091 2026 5158 redire

285 5181 429 5258 poetam,
468 5181 508 5246 ad
539 5181 724 5251 diuitiarum
756 5188 1022 5272 contemptionem
1053 5208 1247 5273 secturaeque
1269 5198 1301 5257 et
1327 5193 1449 5260 otiosae
1476 5194 1673 5280 paupertatis
1700 5193 1906 5276 desiderium,
1947 5195 2024 5277 quin

284 5276 383 5343 etiam
405 5279 476 5364 ipso
498 5287 594 5352 uerbo
616 5288 820 5354 assimulatos
843 5310 913 5356 esse
935 5289 993 5356 hos
1016 5291 1118 5356 locos:
1141 5317 1194 5356 noa
1220 5301 1394 5375 apodictica
1412 5333 1450 5343 -
1467 5305 1576 5362 diuitias
1597 5305 1677 5362 aliua.
1712 5299 1810 5364 Porro
1833 5281 1923 5363 mitte
1945 5317 2024 5381 pau-

1634 5420 1645 5472 l
