4756 5892
1135 497 1173 562 19

285 723 443 788 quumque
465 701 508 768 ad
530 703 631 788 ipsius
654 701 784 768 Saturni
807 701 983 786 sollemnia,
1015 702 1057 768 ad
1080 701 1264 768 Saturnalia
1290 699 1378 766 locus
1406 699 1491 766 nollo
1520 697 1614 764 modo
1637 697 1738 783 possit
1760 697 1879 779 referri,
1911 718 1951 764 ea
1973 698 2020 764 in·

286 806 390 874 cunda
412 805 537 872 uidetur
555 805 647 890 ratio,
670 813 705 872 nt
726 805 968 891 interpretemur
986 825 1051 872 rem
1069 825 1110 870 ex
1127 823 1215 870 more
1236 803 1291 868 illo
1310 803 1524 868 Romanorum
1543 801 1673 866 ciuitate
1691 799 1784 883 quasi
1802 820 1861 866 sua
1879 798 2020 866 donandi

285 910 469 996 peregrinos
491 908 577 976 deos.
621 909 705 974 Nam
732 907 819 992 qnae]
840 908 976 992 legimus
998 907 1084 992 apud
1106 907 1254 974 Tacitum
1285 905 1371 988 (hist.
1391 903 1429 986 V,
1451 902 1500 986 4):
1541 910 1670 986 Longam
1701 911 1762 967 oum
1791 909 1893 980 famem
1924 909 2022 968 adiu

284 1021 377 1078 adbuc
402 1021 503 1076 ieirmiis
526 1019 651 1092 seleuce
672 1014 795 1091 (Iudaei)
823 1027 1010 1094 etraptorum
1035 1021 1151 1094 frugum
1179 1023 1364 1092 argumentum
1381 1017 1464 1090 poure
1484 1013 1614 1071 Iudaicus
1635 1013 1706 1069 nullo
1732 1015 1863 1085 fermento
1885 1011 2020 1070 deiram.

285 1121 404 1198 Sqrtimo
426 1121 470 1180 die
491 1123 572 1178 ouum
591 1122 726 1196 plorasse
748 1121 857 1195 sacru,
887 1123 952 1196 quio
972 1122 995 1178 is
1016 1121 1101 1194 fenon
1122 1119 1244 1177 laborm
1265 1118 1366 1183 wbrdr
1396 1116 1457 1173 dea
1479 1115 1626 1176 blandiente
1646 1117 1741 1172 merua
1761 1117 1899 1192 septum
1920 1133 2022 1190 qrwqrte

290 1243 392 1282 onnam
427 1226 553 1298 ignauiae
588 1223 691 1280 dotum.
744 1223 802 1280 Alii
825 1223 949 1280 bonorem
975 1241 1033 1280 eum
1055 1221 1174 1280 Saturno
1196 1220 1300 1290 baberi,
1338 1237 1383 1276 sea
1406 1219 1544 1296 praemia
1568 1219 1701 1292 relipr'oar's
1730 1217 1895 1276 troderrtibas
1925 1218 2024 1290 Idaeis,

283 1345 349 1402 quos
377 1345 437 1384 eum
458 1324 578 1383 Satanae
604 1326 699 1400 pubes
720 1333 744 1381 et
766 1325 915 1384 mambres
938 1327 1023 1398 penus
1044 1325 1204 1400 caepimus,
1229 1339 1275 1380 seu
1301 1321 1376 1396 quod
1400 1321 1434 1378 de
1458 1329 1555 1396 septem
1576 1319 1718 1390 ababuc,
1754 1323 1813 1395 qor's
1834 1322 1958 1378 mortales
1979 1338 2022 1378 res

284 1438 419 1504 requirar,
440 1429 567 1485 messuro
589 1427 652 1486 orbe
673 1436 697 1484 er
712 1429 865 1502 pracipes
882 1429 1002 1502 pomae
1023 1427 1097 1485 eredo
1120 1426 1234 1484 Soarmi
1249 1428 1359 1498 secar
1375 1453 1418 1463 —-
1435 1417 1515 1483 haec
1532 1417 1713 1484 testimonio
1735 1425 1809 1483 suut
1830 1417 2019 1483 Iudaeomm

272 1525 394 1606 deum,
425 1531 460 1588 ut
481 1523 646 1608 popularis
668 1528 765 1605 esset,
796 1521 934 1605 quodam
957 1521 1052 1588 modo
1075 1521 1242 1588 contusum
1264 1539 1334 1586 csse
1356 1539 1429 1586 curn
1451 1520 1589 1586 Saturno
1611 1521 1760 1604 illiusque
1782 1541 1875 1586 sacra
1897 1521 1938 1586 ab
1960 1521 2020 1586 hoc

286 1625 422 1693 deducta
443 1645 514 1692 esse
536 1631 674 1690 auctore.
711 1625 779 1690 Iam
802 1645 878 1691 uero
897 1625 1054 1708 ilbodus,
1077 1645 1262 1708 quanquam
1284 1622 1447 1690 exhaustis
1466 1623 1580 1690 cetera
1597 1623 1742 1689 morandi
1760 1623 2020 1690 excusationibus

286 1729 329 1795 ad
347 1729 558 1796 sabbatorum
581 1727 683 1811 legem
706 1728 849 1812 confugit
871 1727 964 1810 eique
985 1748 1020 1794 se
1038 1728 1211 1794 obnoxium
1229 1726 1316 1807 dicit,
1340 1733 1446 1792 tamen
1465 1747 1563 1808 quum
1580 1727 1669 1792 illam
1687 1733 1820 1794 externa
1838 1726 2021 1794 domesticis

285 1831 436 1898 miscendi
459 1829 719 1895 consuetudinem
743 1838 870 1896 secutus
892 1829 935 1894 ad
958 1829 1087 1896 Saturni
1110 1830 1231 1895 cultum
1258 1849 1328 1894 eam
1357 1829 1460 1912 legem
1482 1836 1538 1894 aut
1560 1829 1656 1895 refert
1677 1837 1746 1912 aut,
1778 1829 1812 1894 id
1834 1829 1919 1912 quod
1941 1830 2021 1894 nihil

283 1935 422 2017 interest,
446 1933 561 1998 referre
584 1953 619 1998 se
640 1933 778 2014 simulat,
802 1954 866 2000 non
889 1954 909 1998 a
931 1953 965 1998 se
988 1953 1087 1998 suaue
1109 1931 1148 1998 de
1170 1931 1283 2018 patriis
1306 1931 1374 1998 deis
1397 1931 1538 1998 colendis
1561 1932 1710 2018 opinione
1731 1953 1845 2017 pamm
1863 1933 2021 1999 constanti

282 2037 391 2103 animo
414 2035 575 2118 desciscit,
608 2033 664 2101 sed
687 2043 839 2118 tanquam
865 2035 951 2101 uiam
974 2035 1036 2102 sibi
1058 2041 1222 2120 comparat
1243 2034 1285 2099 ad
1308 2033 1510 2118 caelandas,
1543 2035 1657 2118 quibus
1680 2035 1776 2120 paulo
1798 2042 1871 2120 post
1893 2035 2021 2100 Saturni

282 2158 416 2223 regnum
438 2137 526 2202 ellert
549 2145 580 2204 et
601 2158 731 2203 auream
758 2138 847 2203 illam
865 2138 956 2224 pacis
974 2157 1013 2204 ac
1031 2137 1270 2220 tranquillitatis
1289 2143 1436 2203 aetatem.
1473 2137 1620 2203 Oetemm
1639 2137 1693 2220 qui
1711 2137 1800 2204 aliud
1819 2137 2020 2204 confusomm

281 2243 329 2307 ita
364 2239 494 2306 deorum
521 2239 700 2324 exemplum
731 2239 926 2326 desiderant,
958 2262 1012 2307 eos
1034 2242 1141 2324 relego
1164 2239 1206 2305 ad
1228 2241 1337 2306 Horat.
1361 2247 1419 2306 sat.
1443 2239 1488 2322 ΙΙ,
1511 2240 1546 2322 3,
1578 2240 1641 2304 288
1673 2240 1803 2324 eiusque
1834 2241 1896 2308 loci
1926 2241 2020 2307 inter-

282 2351 396 2430 pratee.

749 2567 800 2630 29.
850 2572 886 2630 Ut
908 2592 968 2631 mea
990 2575 1095 2632 aeduos
1111 2575 1268 2650 perornes
1289 2571 1371 2630 Delia
1394 2589 1473 2628 uoces

895 2675 964 2734 Arte
984 2694 1082 2734 saeros
1104 2678 1157 2734 auo
1177 2684 1245 2734 tecto
1265 2678 1340 2740 fores
1360 2675 1452 2732 sedeat

846 2778 949 2852 Bisque
970 2779 1013 2836 die
1034 2780 1151 2836 resoluta
1174 2796 1265 2836 comos
1287 2776 1334 2834 tibi
1355 2776 1443 2834 dicere
1464 2776 1559 2834 laudes

896 2881 1013 2956 Iasipuis
1034 2881 1113 2939 larba
1136 2881 1276 2938 debentia
1298 2879 1413 2936 Pboria.

437 3045 631 3110 Discordant
661 3045 864 3130 interpretes,
893 3065 990 3134 quum
1017 3045 1074 3110 alii
1100 3055 1205 3110 amans
1226 3068 1304 3108 noea
1330 3043 1517 3128 simpliciter
1548 3063 1605 3128 per
1626 3059 1689 3108 nora
1712 3046 1920 3130 explicandas
1942 3071 2022 3136 esse,

285 3167 431 3230 quaeque
448 3155 524 3212 uota
542 3148 615 3230 sint,
634 3147 788 3232 proximis
805 3148 950 3214 uersibus
969 3147 1076 3214 doceri
1090 3154 1228 3229 censent,
1247 3145 1383 3231 primum
1397 3145 1486 3210 illam
1501 3153 1575 3212 ante
1584 3146 1690 3212 Iseum
1704 3149 1887 3234 sessionem,
1907 3151 2021 3220 deinde

282 3249 418 3334 hymnos
437 3250 486 3315 bis
504 3250 537 3314 in
556 3248 608 3314 die
626 3269 697 3314 cum
716 3249 839 3331 reliqua
856 3249 1030 3316 Isiacorum
1046 3251 1139 3316 turba
1153 3248 1307 3332 edendos3
1327 3248 1384 3313 alii
1398 3269 1454 3334 pro
1469 3258 1545 3324 meu,
1562 3249 1808 3334 qualiacumque
1823 3253 1896 3336 sint,
1916 3265 2023 3322 ocurras

283 3377 360 3416 rroces
383 3351 447 3417 dici
469 3371 564 3438 posse
586 3359 739 3434 negantes
761 3351 849 3436 ipsas
872 3351 959 3435 illas,
991 3372 1074 3434 quae
1096 3352 1205 3418 statim
1227 3359 1527 3434 commemorantur,
1559 3351 1640 3418 deae
1661 3359 1757 3418 laedes
1779 3354 1829 3421 his
1851 3357 1957 3422 uerbis
1980 3358 2021 3424 si-

282 3454 427 3537 gnificari
450 3455 607 3537 uniusque
629 3461 661 3519 et
682 3453 824 3520 eiusdem
846 3455 1062 3520 uenerationis
1085 3455 1164 3520 duas
1186 3461 1293 3540 partes
1314 3461 1381 3519 toto
1399 3453 1469 3519 loco
1488 3453 1628 3520 describi
1645 3455 1847 3522 contendunt.
1883 3459 1931 3524 Ao
1948 3481 2021 3546 par-

284 3563 346 3620 tem
368 3555 496 3640 quidem
518 3557 664 3623 ueritatis
687 3555 812 3639 utrique
835 3557 973 3623 assecuti
996 3577 1066 3623 esse
1092 3557 1171 3622 mihi
1192 3556 1354 3639 uidentur,
1381 3557 1485 3622 neutri
1507 3564 1614 3623 tamen
1636 3558 1803 3624 ueritatem
1825 3565 1933 3626 totam.
1979 3564 2021 3628 Hi

285 3657 369 3723 enim
391 3665 474 3725 recte
497 3683 576 3724 uoces
594 3667 699 3724 uotiuas
717 3659 964 3744 interpretantur
982 3685 1060 3726 noem
1079 3675 1164 3737 uetus,
1183 3660 1203 3724 i.
1222 3679 1249 3724 e.
1268 3683 1347 3724 uoces
1363 3683 1398 3722 es
1415 3673 1476 3722 uoto
1494 3665 1564 3723 Isidi
1578 3665 1748 3734 reddmdasr
1770 3662 1817 3727 illi
1835 3685 1899 3728 non
1917 3665 2021 3732 minus

283 3767 369 3826 recte
391 3760 453 3826 duo
475 3782 593 3844 genera
615 3761 829 3828 uenerationis
852 3767 995 3828 statuunt
1016 3781 1145 3848 prorsus
1168 3761 1309 3827 diuersa:
1341 3762 1442 3827 altero
1466 3759 1509 3844 (u.
1533 3760 1589 3844 30)
1612 3761 1682 3827 sola
1703 3763 1817 3830 sedens
1840 3765 1946 3832 uelato
1969 3789 2021 3834 ea-

283 3862 350 3947 pite
373 3869 448 3926 ante
469 3863 580 3928 aedem
602 3864 803 3948 perfungitur
824 3865 928 3948 Delia,
951 3866 1052 3932 altero
1076 3865 1119 3948 (u.
1143 3866 1194 3930 31.
1218 3864 1284 3947 32).
1311 3864 1345 3929 in
1367 3864 1462 3930 turba
1484 3871 1572 3930 stans
1599 3866 1739 3932 resoluta
1762 3887 1853 3933 corna
1875 3869 1908 3934 in
1931 3871 2020 3937 aede.

284 3967 354 4032 Hae
376 3971 484 4030 autem
506 3965 589 4033 duae
610 3967 750 4034 rationes
777 3968 823 4060 ita
845 3967 1094 4052 coniungendae.
1140 3967 1270 4052 Duplici
1297 3967 1390 4050 quasi
1415 3967 1557 4050 imagine
1582 3969 1746 4053 proposita
1767 3970 1904 4054 primum
1926 3973 2022 4039 Delia

286 4087 325 4133 ex
346 4067 502 4152 singulari
525 4075 598 4134 uoto
620 4091 678 4154 pro
700 4071 852 4136 amatoris
883 4071 986 4138 salute
1016 4069 1102 4137 laeto
1129 4070 1267 4136 adorans
1294 4077 1343 4135 est
1369 4069 1462 4134 deam
1489 4069 1530 4136 iis
1556 4071 1805 4156 precationibus,
1834 4095 1968 4156 quarum
1990 4087 2022 4144 et

284 4189 384 4253 genus
406 4177 527 4236 certum
549 4177 580 4235 et
602 4190 765 4238 numerum
790 4172 945 4258 promisit,
978 4193 1060 4256 quac
1086 4173 1286 4258 precationes
1316 4191 1413 4255 quum
1441 4171 1611 4238 summissa
1636 4193 1715 4240 uoce
1743 4183 1774 4242 et
1795 4181 2022 4248 murmurantis

283 4273 347 4338 ritu
370 4271 512 4356 edantur,
546 4281 581 4338 ut
607 4271 721 4355 quibus
747 4275 854 4341 uerbis
880 4282 1053 4360 conceptae
1080 4275 1158 4358 sint,
1190 4273 1334 4341 exaudiri
1360 4293 1423 4340 non
1454 4274 1565 4360 possit,
1596 4275 1762 4360 aptissime
1788 4298 1868 4346 acces
1889 4283 2021 4362 (aanor)

283 4381 447 4442 uocantur.
491 4375 574 4441 Tum
597 4375 773 4440 communis
795 4383 826 4442 et
849 4377 1036 4459 quotidiana
1058 4377 1249 4463 supplicatio
1271 4375 1488 4458 adumbratur,
1513 4377 1565 4441 cui
1586 4385 1621 4442 ut
1642 4379 1779 4461 gratiam
1803 4381 1882 4448 deae
1905 4384 2021 4450 referat

284 4499 340 4561 pro
364 4484 491 4543 seruato
514 4485 666 4560 amatore,
690 4476 932 4561 diligentissime
955 4499 994 4545 ac
1016 4479 1255 4564 religiosissime
1277 4480 1429 4544 interesse
1452 4477 1599 4544 debitura
1620 4480 1669 4546 sit.

751 4737 802 4802 37.
847 4743 978 4802 Nerulum
1001 4745 1138 4802 caeruleos
1155 4745 1238 4818 piros
1259 4752 1451 4819 resumpserat
1472 4743 1562 4832 medas

896 4847 1022 4920 Effusum
1045 4849 1127 4904 aeratus
1144 4845 1357 4922 mumurque
1377 4848 1471 4904 muna

438 5005 484 5073 Ne
506 5005 652 5092 repetita,
675 5007 824 5094 malunt,
848 5009 977 5075 crambe
994 5007 1158 5075 fastidium
1179 5028 1334 5092 moueam,
1353 5009 1465 5094 paucis
1488 5029 1595 5076 eorum
1614 5031 1664 5077 me
1687 5031 1757 5079 esse
1773 5013 1931 5098 profiteor,
1950 5016 2018 5097 qui·

285 5107 345 5172 bus
366 5105 446 5170 illud
468 5125 660 5194 conrenpseror
680 5109 808 5196 probari
830 5133 893 5180 non
915 5119 1019 5198 potest
1041 5120 1076 5178 ut
1097 5113 1325 5196 Tibullianum,
1347 5131 1411 5178 non
1434 5131 1497 5195 quo
1519 5112 1614 5178 nimis
1636 5114 1777 5197 grauiter
1794 5135 1833 5180 aa
1851 5117 2018 5202 magnifice

285 5207 405 5273 dictum
428 5227 497 5275 esse
526 5212 673 5295 arbitrer,
705 5219 740 5279 ut
766 5213 937 5281 arbitratus
963 5222 1012 5282 est
1037 5215 1223 5300 Heynius,
1254 5214 1312 5281 sed
1342 5215 1520 5298 quaesitum
1547 5235 1586 5282 ac
1612 5216 1756 5301 putidum
1788 5219 1867 5284 mihi
1893 5218 2019 5285 uidetur

284 5311 476 5378 uocabulum
494 5313 695 5398 alienumque
713 5335 734 5382 a
749 5315 869 5382 Tibulli
887 5317 1092 5403 simplicitate
1110 5317 1246 5401 dicendi,
1265 5336 1348 5399 quae
1367 5319 1527 5400 ceteroqui
1545 5318 1605 5384 bae
1623 5317 1655 5383 in
1674 5319 1885 5406 descriptione
1903 5341 2019 5388 aureae

1679 5437 1713 5490 3*
